3280 5238
622 352 703 408 ara.
724 351 769 408 rr.
791 363 844 430 43·
1247 363 1311 433 5¹3

159 541 284 606 aquae;
303 529 404 602 atque
416 518 515 584 etiam
529 518 562 582 in
573 525 658 594 ae're,
671 527 705 582 et
716 518 877 584 fractione
892 518 973 602 ejus,
985 521 1119 602 quando
1131 520 1312 605 dissipatur

159 637 194 690 et
212 625 360 690 ascendit
379 624 411 687 in
431 623 540 707 parvis
558 623 774 706 portiunculis
795 644 854 707 per
873 644 1013 706 aquam;
1036 635 1138 708 atque
1159 626 1259 691 etiam
1279 625 1311 688 in

159 730 259 794 fumis
275 729 506 805 crassioribus;
528 728 672 810 denique
689 727 721 790 in
738 727 872 812 pulvere
893 729 1041 794 excitato
1059 739 1093 793 et
1108 729 1264 794 haerente
1279 729 1312 792 in

160 840 255 910 aere3
279 832 447 914 inquibus
464 831 619 895 omnibus
640 851 704 894 non
721 831 758 894 fit
774 832 1006 915 incorporatio.
1050 832 1167 916 Atque
1183 853 1313 916 reprae-

159 936 302 1002 sentatio
318 937 486 1019 praedicta
503 936 535 997 in
552 933 615 998 hoc
630 935 780 1017 subjecto
801 956 867 999 non
888 935 975 1000 mala
991 945 1050 1014 est,
1066 938 1092 1000 si
1109 937 1189 1000 illud
1207 937 1314 1020 primo
1397 1013 1401 1020 ι

160 1041 338 1124 diligenter
352 1039 542 1122 inquisitum
558 1039 664 1114 suerit,
677 1050 787 1103 utrum
804 1041 908 1123 possit
924 1061 995 1105 esse
1010 1041 1087 1105 talis
1101 1040 1315 1123 heterogenia

161 1145 246 1208 inter
260 1144 418 1228 spiritalia
434 1141 540 1225 qualis
555 1143 718 1206 invenitur
733 1144 816 1206 inter
832 1143 976 1226 liquida;
997 1164 1073 1209 nam
1090 1154 1162 1209 tum
1178 1148 1314 1210 demum

161 1249 243 1314 haec
259 1248 434 1312 simulacra
449 1267 508 1329 per
519 1245 721 1331 Analogiam
738 1267 803 1310 non
821 1249 1030 1312 incommode
1046 1251 1296 1314 substituentur.

205 1352 323 1435 Atque
344 1355 386 1417 de
409 1352 580 1415 instantiis
601 1352 673 1415 istis
693 1351 912 1434 supplementi,
934 1353 1023 1435 quod
1047 1353 1194 1417 diximus
1215 1353 1315 1416 insor-

163 1459 343 1522 mationem
370 1457 414 1519 ab
438 1457 476 1519 iis
499 1455 713 1518 hauriendam
741 1475 821 1532 esse,
845 1457 979 1538 quando
1005 1457 1113 1520 desint
1140 1457 1317 1521 instantiae

163 1563 325 1646 propriae,
348 1560 421 1624 loco
441 1560 615 1642 perfugii,·
644 1558 857 1624 nihilominus
882 1560 1019 1644 intelligi
1042 1561 1203 1634 volumus,
1227 1562 1317 1643 quod

164 1666 239 1729 illae
255 1666 355 1729 etiam
372 1665 484 1746 magni
503 1664 568 1727 sint
585 1683 663 1726 usus
682 1665 782 1727 etiam
802 1684 877 1728 cum
895 1667 1048 1749 propriae
1063 1665 1238 1730 instantiae
1258 1666 1316 1728 ad·

164 1771 249 1847 sint;
273 1768 316 1833 ad
333 1768 552 1832 roborandam
568 1766 693 1832 scilicet
708 1767 973 1832 informationem
992 1788 1058 1832 una
1077 1789 1152 1833 cum
1168 1771 1318 1852 propriis.

165 1873 289 1937 Verum
305 1873 348 1936 de
363 1871 413 1934 his
434 1872 583 1936 exactius
604 1872 750 1936 dicemus
766 1874 899 1955 quando
914 1872 958 1937 ad
973 1871 1187 1938 Adminicula
1202 1873 1320 1937 Induc-

167 1977 267 2044 ticmis
282 1977 452 2040 tractanda
465 1996 576 2040 sermo
592 1977 707 2040 ordine
723 1977 897 2042 dilabetur.

678 2161 811 2230 XLIII.

212 2301 304 2365 Inter
325 2299 579 2382 praerogativas
609 2301 844 2364 instantiarum
875 2321 1037 2384 ponemus
1065 2300 1140 2366 loco
1165 2301 1321 2366 vicesimo

168 2406 352 2470 instantias
365 2405 598 2478 Persecantes,·
622 2424 704 2486 quas
726 2405 827 2468 etiam
846 2404 1031 2469 instantias
1054 2405 1243 2470 Vellicantes
1261 2426 1321 2488 ap-

169 2510 291 2592 pellare
306 2509 545 2585 consuevimus,
556 2509 614 2571 sed
630 2510 758 2572 diversa
773 2510 908 2574 ratione.
956 2508 1145 2574 Vellicantes
1160 2511 1247 2574 enim
1266 2529 1323 2573 eas

169 2611 382 2696 appellamus,
405 2613 482 2694 quia
504 2611 661 2677 vellicant
687 2613 901 2690 intellectum,
916 2624 1126 2695 persecantes,
1149 2615 1226 2696 quia
1249 2634 1323 2697 per-

168 2725 281 2783 secant
313 2715 517 2781 naturam⁹⁴:
556 2717 643 2780 unde
677 2718 777 2780 etiam
810 2715 882 2780 illas
915 2720 1114 2800 quandoque
1139 2719 1324 2782 Instantias

170 2821 353 2885 Democriti
360 2820 386 2858 ‘³⁵
411 2821 629 2884 nominamus.
686 2821 757 2885 Eae
788 2832 874 2898 sunt,
897 2842 982 2904 quae
1008 2823 1049 2885 de
1079 2823 1264 2887 admirabili
1289 2834 1324 2888 et

172 2925 338 3007 exquisita
364 2923 548 2988 subtilitate
578 2934 715 2989 naturae
746 2923 946 2989 intellectum
974 2927 1183 3003 submonent,
1205 2936 1242 2990 ut
1264 2947 1324 2990 ex·

171 3032 290 3095 citetur
313 3039 347 3092 et
369 3029 617 3111 expergiscatur
638 3030 681 3092 ad
706 3030 925 3093 attentionem
949 3039 983 3094 et
1006 3031 1268 3095 observationem
1291 3040 1326 3094 et

172 3133 417 3216 inquisitionem
444 3133 601 3198 debitam.
646 3133 804 3216 Exempli
830 3133 956 3216 gratia:
990 3135 1080 3215 quod
1107 3155 1224 3217 parum
1249 3143 1326 3216 gut-

171 3237 262 3303 tulae
287 3237 462 3301 atramenti
488 3238 531 3300 ad
559 3246 611 3300 tot
638 3235 749 3300 literas
774 3236 827 3300 vel
854 3237 956 3302 lineas
982 3240 1199 3316 extendatur3
1234 3237 1326 3320 quod

173 3352 355 3424 argentum,
367 3341 514 3404 exterius
530 3349 661 3404 tantum
678 3341 873 3416 inauratum,
886 3344 929 3406 ad
942 3352 1069 3406 tantam
1086 3341 1325 3425 longitudinem

173 3445 223 3510 iili
245 3446 385 3510 inaurati
404 3445 617 3509 continuetur
626 3444 673 3524 90;
699 3447 789 3527 quod
810 3445 948 3529 pusillus
964 3447 1161 3511 vermiculus
1170 3447 1206 3526 ⁹⁷,
1221 3447 1328 3530 qualis

210 3665 233 3698 ⁰¹
250 3667 329 3724 ‘The
345 3670 501 3722 instantiae
512 3670 698 3737 persecantes,
716 3684 749 3722 or
766 3668 947 3734 vellicantes,’
960 3685 1024 3736 says
1039 3669 1182 3723 Professor
1199 3667 1329 3737 Playr'air,

176 3755 240 3810 ‘are
252 3755 334 3809 those
343 3754 436 3808 which
449 3754 524 3809 soree
536 3771 570 3808 us
582 3765 611 3808 to
624 3754 721 3809 attend
734 3765 763 3809 to
776 3753 870 3823 things
880 3754 978 3820 which,
988 3754 1060 3810 trom
1069 3754 1142 3810 their
1149 3755 1264 3824 subtilty
1272 3755 1330 3810 and

177 3841 358 3908 minuteness,
371 3859 474 3912 escape
486 3859 616 3896 common
629 3841 818 3896 observation.

214 3929 316 3985 ‘Some
329 3929 360 3984 oi
370 3930 491 3984 Bacon's
504 3929 629 3984 remarks
641 3947 679 3983 on
692 3929 749 3984 this
762 3928 877 3999 subtilty
889 3947 936 3984 are
949 3930 1018 3984 such
1030 3946 1062 3984 as
1075 3929 1167 3983 would
1185 3929 1223 3983 do
1241 3928 1330 3984 credit

177 4027 207 4073 to
219 4018 267 4072 the
279 4027 353 4072 most
365 4017 512 4073 advanced
525 4028 597 4073 state
609 4017 642 4071 oi
651 4016 770 4084 sciente,
782 4018 841 4072 and
854 4019 929 4072 shew
942 4018 1005 4071 how
1017 4017 1101 4071 much
1118 4017 1162 4072 his
1181 4015 1260 4070 mind
1272 4034 1330 4071 was

178 4105 257 4162 fitted
276 4105 318 4160 ior
336 4105 555 4176 distinguishing
572 4105 630 4161 and
648 4105 800 4176 observing
824 4107 873 4161 the
890 4117 968 4176 great
987 4106 1045 4160 and
1062 4105 1217 4161 admirable
1236 4105 1265 4160 in
1283 4107 1332 4161 the

179 4191 270 4248 works
282 4193 314 4247 oi
323 4193 439 4248 nature*

214 4277 237 4312 ⁹⁶
256 4281 307 4350 Cp.
321 4279 337 4334 i.
352 4293 394 4349 51.

215 4360 238 4394 ’⁸
256 4363 322 4418 ‘Du
333 4364 523 4419 Woolaston's
534 4362 739 4434 [Wollaston's]
750 4365 866 4420 method
875 4365 919 4419 ior
927 4364 1072 4435 obtaining
1081 4363 1160 4419 wires
1170 4363 1202 4418 oi
1210 4373 1333 4420 extreme

180 4449 304 4507 tineness
314 4468 372 4506 was
383 4451 505 4522 perhaps
518 4452 667 4522 suggested
680 4453 718 4524 by
727 4454 774 4507 the
783 4453 986 4510 circumstance
995 4452 1159 4509 mentioned
1168 4451 1197 4507 in
1206 4452 1254 4508 the
1265 4460 1334 4510 text.

726 4541 775 4605 nl
