3344 5152
575 397 847 452 orsrmsrmo
872 396 1030 451 oraxis.
1316 403 1376 474 173

227 562 315 627 enim
332 583 382 626 res
399 562 445 626 ita
460 562 529 645 geri
545 563 732 640 consuevit;
757 572 792 626 ut
808 585 828 626 a
843 582 939 625 sensu
956 571 989 625 et
1006 560 1256 644 particularibus
1269 561 1377 644 primo

228 666 302 731 loco
317 668 360 730 ad
382 667 529 730 maxime
550 664 716 748 generalia
737 665 918 739 advoletur‚
935 675 1093 748 tanquam
1115 667 1157 730 ad
1180 665 1275 749 polos
1292 665 1378 730 fixos

226 772 313 835 circa
333 792 416 852 quos
436 771 676 854 disputationes
692 779 880 846 vertantur;
903 771 946 833 ab
963 770 1025 832 illis
1041 781 1171 834 caetera
1191 791 1249 853 per
1269 770 1377 833 media

227 876 432 938 deriventur:
472 875 526 938 via
558 884 645 937 certe
679 874 932 957 compendiaria,
964 873 1022 938 sed
1056 875 1235 958 praecipiti,
1265 884 1300 937 et
1334 876 1376 938 ad

227 989 379 1042 naturam
407 978 574 1060 impervia,
596 979 639 1042 ad
663 979 903 1061 disputationes
925 998 1004 1040 vero
1032 978 1168 1061 proclivi
1190 988 1224 1042 et
1246 999 1376 1044 accom-

228 1082 370 1146 modata
416 1082 466 1145 At
495 1083 676 1146 secundum
707 1103 776 1158 noS,
804 1082 976 1146 axiomata
1006 1082 1211 1146 continenter
1240 1094 1273 1147 et
1303 1103 1377 1165 gra-

226 1187 330 1250 datim
354 1187 549 1261 excitantur,
566 1196 602 1249 ut
626 1186 753 1248 nonnisi
776 1194 945 1268 postremo
969 1184 1042 1250 loco
1065 1187 1108 1250 ad
1131 1184 1377 1268 generalissima

226 1291 395 1353 veniatur:
422 1309 461 1352 ea
482 1310 560 1353 vero
582 1289 829 1371 generalissima
852 1290 998 1352 evadunt
1020 1309 1087 1351 non
1110 1289 1300 1366 notionalia,
1318 1292 1377 1354 sed

225 1393 310 1457 bene
333 1393 518 1466 terminata,
539 1404 573 1458 et
597 1393 678 1458 talia
704 1414 790 1475 quae
816 1402 933 1457 natura
959 1400 996 1455 ut
1021 1412 1132 1456 revera
1155 1393 1217 1456 sibi
1245 1394 1376 1458 notiora

226 1505 391 1580 agnoscat,
408 1518 558 1580 quaeque
574 1498 671 1561 rebus
687 1497 844 1560 haereant
860 1496 893 1560 in
910 1495 1069 1559 medullis.

270 1601 320 1664 At
343 1601 504 1664 informa
528 1602 599 1683 ipsa
621 1622 753 1684 quoque
776 1601 983 1675 inductionis,
1005 1609 1038 1662 et
1057 1599 1181 1682 judicio
1204 1601 1294 1683 quod
1317 1623 1377 1685 per

226 1726 298 1768 earn
323 1705 368 1782 fit,
389 1726 473 1787 opus
496 1705 593 1788 longe
620 1705 803 1768 maximum
832 1724 1011 1770 movemus.
1057 1703 1109 1768 Ea
1134 1707 1222 1768 enirn
1246 1707 1288 1770 de
1310 1726 1377 1788 qua

226 1808 389 1874 dialectici
416 1808 604 1891 loquuntur,
625 1828 711 1890 quae
737 1808 887 1892 procedit
915 1829 972 1891 per
994 1810 1274 1872 enumerationem
1298 1810 1376 1872 sim-

227 1913 356 1994 plicem,
372 1913 496 1995 puerile
517 1913 678 1995 quiddam
694 1922 753 1990 est,
769 1921 802 1977 et
818 1913 967 1994 precario
987 1912 1165 1990 concludit,
1181 1921 1215 1976 et
1230 1913 1376 1996 periculo

226 2017 270 2080 ab
303 2017 457 2080 instantia
491 2017 744 2082 contradictoria
777 2017 965 2099 exponitur,
993 2025 1026 2080 et
1056 2027 1212 2084 consueta
1246 2027 1375 2081 tantum

226 2120 378 2196 intuetur,
394 2140 455 2184 nec
470 2121 598 2185 exitum
615 2122 742 2205 reperit.

269 2225 377 2307 Atqui
404 2246 488 2307 opus
514 2236 565 2290 est
591 2226 634 2290 ad
661 2225 813 2290 scientias
839 2225 1038 2290 inductionis
1063 2224 1169 2290 forma
1197 2225 1265 2300 tali,
1289 2231 1375 2308 quae

225 2331 464 2412 experientiam
489 2330 596 2393 solvat
621 2339 656 2394 et
680 2340 817 2413 separet,
841 2339 874 2392 et
898 2350 957 2412 per
980 2330 1186 2394 exclusiones
1211 2351 1249 2395 ac
1276 2329 1376 2411 rejec-

224 2435 331 2498 tiones
354 2436 483 2499 debitas
503 2435 684 2499 necessario
707 2435 891 2500 concludat.
937 2434 1038 2518 Quod
1061 2435 1089 2498 si
1108 2434 1269 2517 judicium
1294 2434 1374 2498 illud

225 2539 397 2620 vulgatum
413 2538 659 2604 dialecticorum
676 2550 746 2604 tam
769 2559 946 2622 operosum
964 2539 1069 2616 suerit,
1089 2548 1122 2602 et
1137 2548 1231 2602 tanta
1246 2539 1376 2621 ingenia

225 2644 428 2720 exercuerit;
452 2654 576 2726 quanto
592 2644 697 2727 magis
713 2643 930 2707 laborandum
947 2653 997 2707 est
1020 2643 1051 2706 in
1072 2643 1136 2706 hoc
1156 2642 1268 2720 alter0,
1284 2644 1374 2725 quod

225 2767 292 2810 non
318 2756 449 2812 tanturn
477 2770 520 2811 ex
548 2748 666 2812 mentis
697 2747 928 2831 penetralibus,
953 2747 1011 2810 sed
1038 2747 1140 2810 etiam
1168 2767 1212 2809 ex
1239 2756 1375 2810 naturae

225 2851 401 2915 visceribus
416 2853 623 2917 extrahitur?

270 2955 388 3038 Neque
401 2967 512 3020 tamen
531 2955 584 3021 hic
601 2956 683 3020 finis.
729 2956 817 3020 Nam
834 2956 1048 3021 fundamenta
1068 2975 1201 3038 quoque
1222 2955 1374 3019 scientia·

225 3079 297 3122 rum
318 3059 433 3124 fortius
456 3060 669 3144 deprimimus
692 3070 724 3124 et
745 3061 935 3137 solidamus,
952 3071 1052 3142 atque
1076 3059 1167 3123 initia
1191 3059 1374 3141 inquirendi

225 3161 323 3228 altius
338 3165 507 3242 sumimus,
522 3185 623 3246 quarn
639 3165 747 3229 adhuc
761 3164 912 3228 homines
927 3164 1090 3228 lecerunt:
1114 3184 1154 3227 ea
1169 3162 1374 3245 subjiciendo

226 3269 380 3338 examini.
406 3289 491 3350 quae
520 3267 628 3350 logica
654 3268 799 3351 vulgaris
828 3278 987 3351 tanquam
1017 3267 1082 3331 fide
1111 3266 1220 3331 aliena
1250 3266 1375 3348 recipit.

226 3370 359 3434 Etenim
375 3371 537 3436 dialectici
555 3373 712 3456 principia
727 3372 937 3436 scientiarum
952 3393 973 3435 a
988 3371 1132 3435 scientiis
1147 3370 1283 3452 singulis
1299 3381 1372 3434 tan·

226 3491 326 3560 quam
351 3489 467 3542 mutuo
490 3487 639 3542 sumunt:
671 3499 789 3553 rursus,
813 3479 964 3542 notiones
988 3477 1108 3541 mentis
1131 3477 1255 3558 primas
1278 3497 1375 3540 vene·

227 3593 357 3646 rantur:
396 3592 573 3666 postremo,
600 3581 883 3646 informationibus
914 3581 1114 3645 immediatis
1144 3601 1258 3643 sensus
1289 3579 1375 3645 bene

227 3685 376 3769 dispositi
392 3686 612 3768 acquiescunt.
656 3685 707 3749 At
728 3707 788 3750 nos
810 3686 951 3768 logicam
966 3706 1079 3750 veram
1100 3682 1246 3766 singulas
1268 3684 1373 3747 scien·

226 3790 343 3853 tiarum
368 3791 551 3873 provincias
573 3789 697 3872 majore
717 3810 792 3853 curn
816 3790 956 3871 imperio
978 3809 1079 3872 quarn
1103 3809 1204 3872 penes
1229 3789 1374 3870 ipsarum

226 3895 387 3977 principia
408 3895 451 3957 sit
472 3893 592 3966 debere
612 3894 740 3977 ingredi
761 3895 977 3967 decrevimus,
992 3903 1094 3975 atque
1115 3892 1171 3956 illa
1192 3892 1263 3975 ipsa
1286 3892 1374 3974 prin·

224 3997 310 4081 cipia
340 3999 490 4080 putativa
519 3999 562 4061 ad
594 3998 737 4062 rationes
764 3999 949 4063 reddendas
975 3996 1172 4080 compellere
1201 4014 1375 4079 quousque

225 4100 323 4184 plane
344 4112 504 4166 constent.
550 4101 652 4185 Quod
666 4122 745 4165 vero
768 4101 885 4164 attinet
909 4102 952 4164 ad
973 4101 1126 4164 notiones
1141 4099 1264 4182 primas
1281 4096 1374 4161 intel·

224 4205 344 4283 lectus3
368 4205 448 4268 nihil
459 4214 508 4268 est
518 4224 632 4268 eorum
644 4225 730 4286 quae
741 4203 925 4269 intellectus
935 4204 997 4266 sibi
1011 4204 1188 4286 permissus
1202 4200 1374 4284 congessit,

223 4309 304 4393 quin
320 4309 415 4373 nobis
430 4330 491 4392 pro
508 4319 662 4392 suspecto
676 4309 729 4384 sit,
741 4328 802 4371 nec
814 4308 882 4373 ullo
898 4308 998 4370 modo
1015 4318 1134 4386 ratum,
1147 4306 1208 4370 nisi
1221 4326 1306 4370 novo
1321 4303 1374 4386 ju-

225 4413 313 4477 dicio
328 4434 363 4476 se
378 4413 500 4478 stiterit
514 4423 547 4476 et
563 4413 742 4476 secundum
759 4412 840 4475 illud
857 4411 1104 4494 pronuntiatum
1120 4411 1226 4475 suerit.
1267 4407 1373 4490 Quin-

226 4517 326 4581 etiam
353 4537 468 4581 sensus
495 4517 596 4600 ipsius
624 4516 873 4581 informationes
901 4515 1012 4579 multis
1044 4516 1150 4579 modis
1180 4513 1375 4578 excutimus.
