<?xml version="1.0" encoding="UTF-8"?>
<!DOCTYPE html PUBLIC "-//W3C//DTD XHTML 1.0 Transitional//EN"
    "http://www.w3.org/TR/xhtml1/DTD/xhtml1-transitional.dtd">
<html xmlns="http://www.w3.org/1999/xhtml" xml:lang="en" lang="en">
 <head>
  <title>
</title>
<meta http-equiv="Content-Type" content="text/html;charset=utf-8" />
  <meta name='ocr-system' content='tesseract 3.04.00' />
  <meta name='ocr-capabilities' content='ocr_page ocr_carea ocr_par ocr_line ocrx_word'/>
</head>
<body>
  <div class='ocr_page' id='page_1' title='image "./baconsnovumorga00bacogoog/baconsnovumorga00bacogoog_0395.png"; bbox 0 0 3342 5152; ppageno 0'>
   <div class='ocr_carea' id='block_1_1' title="bbox 292 379 1154 463">
    <p class='ocr_par' dir='ltr' id='par_1_1' title="bbox 292 379 1154 463">
     <span class='ocr_line' id='line_1_1' title="bbox 292 379 1154 463; baseline 0 -23"><span class='ocrx_word' id='word_1_1' title='bbox 292 379 356 463; x_wconf 84' lang='lat'>366</span> <span class='ocrx_word' id='word_1_2' title='bbox 669 386 1064 444; x_wconf 63' lang='lat' dir='ltr'>,noveritomnium</span> <span class='ocrx_word' id='word_1_3' title='bbox 1148 400 1154 413; x_wconf 93' lang='lat'><strong>·</strong></span> 
     </span>
    </p>
   </div>
   <div class='ocr_carea' id='block_1_2' title="bbox 286 551 1444 2717">
    <p class='ocr_par' dir='ltr' id='par_1_2' title="bbox 291 551 1444 732">
     <span class='ocr_line' id='line_1_2' title="bbox 292 551 1444 636; baseline 0.002 -20"><span class='ocrx_word' id='word_1_4' title='bbox 292 563 409 628; x_wconf 88' lang='lat' dir='ltr'>matur,</span> <span class='ocrx_word' id='word_1_5' title='bbox 424 551 657 617; x_wconf 80' lang='lat' dir='ltr'>existimantur</span> <span class='ocrx_word' id='word_1_6' title='bbox 674 552 819 616; x_wconf 82' lang='lat' dir='ltr'>fervores</span> <span class='ocrx_word' id='word_1_7' title='bbox 840 552 920 616; x_wconf 90' lang='lat' dir='ltr'>solis</span> <span class='ocrx_word' id='word_1_8' title='bbox 942 563 1064 636; x_wconf 86' lang='lat' dir='ltr'>augere</span> <span class='ocrx_word' id='word_1_9' title='bbox 1084 564 1116 618; x_wconf 90' lang='lat' dir='ltr'>et</span> <span class='ocrx_word' id='word_1_10' title='bbox 1138 553 1328 632; x_wconf 81' lang='lat' dir='ltr'>intendere3</span> <span class='ocrx_word' id='word_1_11' title='bbox 1351 562 1387 617; x_wconf 92' lang='lat' dir='ltr'>ut</span> <span class='ocrx_word' id='word_1_12' title='bbox 1405 553 1444 618; x_wconf 87' lang='lat' dir='ltr'>fit</span> 
     </span>
     <span class='ocr_line' id='line_1_3' title="bbox 291 653 1243 732; baseline -0.002 -11"><span class='ocrx_word' id='word_1_13' title='bbox 291 677 365 721; x_wconf 91' lang='lat' dir='ltr'>cum</span> <span class='ocrx_word' id='word_1_14' title='bbox 381 658 431 721; x_wconf 93' lang='lat' dir='ltr'>sol</span> <span class='ocrx_word' id='word_1_15' title='bbox 447 657 572 721; x_wconf 91' lang='lat' dir='ltr'>sistitur</span> <span class='ocrx_word' id='word_1_16' title='bbox 587 657 620 719; x_wconf 91' lang='lat' dir='ltr'>in</span> <span class='ocrx_word' id='word_1_17' title='bbox 637 655 760 732; x_wconf 87' lang='lat' dir='ltr'>Leone,</span> <span class='ocrx_word' id='word_1_18' title='bbox 775 667 809 720; x_wconf 94' lang='lat' dir='ltr'>et</span> <span class='ocrx_word' id='word_1_19' title='bbox 826 657 941 720; x_wconf 92' lang='lat' dir='ltr'>diebus</span> <span class='ocrx_word' id='word_1_20' title='bbox 956 656 1195 721; x_wconf 91' lang='lat' dir='ltr'>canicularibus</span> <span class='ocrx_word' id='word_1_21' title='bbox 1204 653 1243 719; x_wconf 75' lang='lat'>⁷⁴.</span> 
     </span>
    </p>

    <p class='ocr_par' dir='ltr' id='par_1_3' title="bbox 286 758 1444 2717">
     <span class='ocr_line' id='line_1_4' title="bbox 317 758 1444 846; baseline 0.008 -30"><span class='ocrx_word' id='word_1_22' title='bbox 317 776 439 818; x_wconf 59' lang='lat' dir='ltr'>naama».</span> <span class='ocrx_word' id='word_1_23' title='bbox 498 778 537 840; x_wconf 78' lang='lat' dir='ltr'>a.</span> <span class='ocrx_word' id='word_1_24' title='bbox 562 760 662 824; x_wconf 88' lang='lat' dir='ltr'>Radii</span> <span class='ocrx_word' id='word_1_25' title='bbox 691 759 769 824; x_wconf 90' lang='lat' dir='ltr'>solis</span> <span class='ocrx_word' id='word_1_26' title='bbox 799 760 833 823; x_wconf 93' lang='lat' dir='ltr'>in</span> <span class='ocrx_word' id='word_1_27' title='bbox 863 761 973 824; x_wconf 88' lang='lat' dir='ltr'>media</span> <span class='ocrx_word' id='word_1_28' title='bbox 1003 758 1117 844; x_wconf 88' lang='lat' dir='ltr'>(quam</span> <span class='ocrx_word' id='word_1_29' title='bbox 1148 759 1284 846; x_wconf 86' lang='lat' dir='ltr'>vocant)</span> <span class='ocrx_word' id='word_1_30' title='bbox 1311 763 1444 846; x_wconf 85' lang='lat' dir='ltr'>regione</span> 
     </span>
     <span class='ocr_line' id='line_1_5' title="bbox 291 863 1442 948; baseline 0.005 -24"><span class='ocrx_word' id='word_1_31' title='bbox 291 863 373 928; x_wconf 64' lang='lat' dir='ltr'>acris</span> <span class='ocrx_word' id='word_1_32' title='bbox 397 885 463 927; x_wconf 90' lang='lat' dir='ltr'>non</span> <span class='ocrx_word' id='word_1_33' title='bbox 485 863 701 940; x_wconf 83' lang='lat' dir='ltr'>calefaciunt3</span> <span class='ocrx_word' id='word_1_34' title='bbox 731 863 825 946; x_wconf 92' lang='lat' dir='ltr'>cujus</span> <span class='ocrx_word' id='word_1_35' title='bbox 849 865 934 928; x_wconf 89' lang='lat' dir='ltr'>ratio</span> <span class='ocrx_word' id='word_1_36' title='bbox 954 866 1054 948; x_wconf 85' lang='lat' dir='ltr'>vulgo</span> <span class='ocrx_word' id='word_1_37' title='bbox 1080 886 1145 929; x_wconf 87' lang='lat' dir='ltr'>non</span> <span class='ocrx_word' id='word_1_38' title='bbox 1168 867 1255 930; x_wconf 88' lang='lat' dir='ltr'>male</span> <span class='ocrx_word' id='word_1_39' title='bbox 1275 867 1442 943; x_wconf 87' lang='lat' dir='ltr'>redditur;</span> 
     </span>
     <span class='ocr_line' id='line_1_6' title="bbox 291 968 1444 1054; baseline 0.001 -23"><span class='ocrx_word' id='word_1_40' title='bbox 291 968 368 1049; x_wconf 87' lang='lat' dir='ltr'>quia</span> <span class='ocrx_word' id='word_1_41' title='bbox 392 969 482 1052; x_wconf 87' lang='lat' dir='ltr'>regio</span> <span class='ocrx_word' id='word_1_42' title='bbox 505 968 561 1032; x_wconf 90' lang='lat' dir='ltr'>illa</span> <span class='ocrx_word' id='word_1_43' title='bbox 582 989 642 1034; x_wconf 93' lang='lat' dir='ltr'>nec</span> <span class='ocrx_word' id='word_1_44' title='bbox 665 970 747 1032; x_wconf 88' lang='lat' dir='ltr'>satis</span> <span class='ocrx_word' id='word_1_45' title='bbox 769 970 1015 1053; x_wconf 88' lang='lat' dir='ltr'>appropinquat</span> <span class='ocrx_word' id='word_1_46' title='bbox 1036 971 1079 1033; x_wconf 91' lang='lat' dir='ltr'>ad</span> <span class='ocrx_word' id='word_1_47' title='bbox 1103 989 1222 1054; x_wconf 89' lang='lat' dir='ltr'>corpus</span> <span class='ocrx_word' id='word_1_48' title='bbox 1244 970 1333 1044; x_wconf 90' lang='lat' dir='ltr'>solis,</span> <span class='ocrx_word' id='word_1_49' title='bbox 1355 971 1444 1034; x_wconf 92' lang='lat' dir='ltr'>unde</span> 
     </span>
     <span class='ocr_line' id='line_1_7' title="bbox 291 1072 1442 1151; baseline 0.002 -18"><span class='ocrx_word' id='word_1_50' title='bbox 291 1072 374 1136; x_wconf 89' lang='lat' dir='ltr'>radii</span> <span class='ocrx_word' id='word_1_51' title='bbox 408 1084 573 1145; x_wconf 90' lang='lat' dir='ltr'>emanant,</span> <span class='ocrx_word' id='word_1_52' title='bbox 608 1093 668 1136; x_wconf 92' lang='lat' dir='ltr'>nec</span> <span class='ocrx_word' id='word_1_53' title='bbox 703 1074 805 1138; x_wconf 88' lang='lat' dir='ltr'>etiam</span> <span class='ocrx_word' id='word_1_54' title='bbox 837 1073 879 1136; x_wconf 92' lang='lat' dir='ltr'>ad</span> <span class='ocrx_word' id='word_1_55' title='bbox 911 1083 1043 1151; x_wconf 91' lang='lat' dir='ltr'>terram,</span> <span class='ocrx_word' id='word_1_56' title='bbox 1071 1075 1159 1139; x_wconf 91' lang='lat' dir='ltr'>unde</span> <span class='ocrx_word' id='word_1_57' title='bbox 1189 1073 1442 1139; x_wconf 75' lang='lat' dir='ltr'>reflectuntur⁷⁶.</span> 
     </span>
     <span class='ocr_line' id='line_1_8' title="bbox 291 1175 1443 1263; baseline 0.001 -24"><span class='ocrx_word' id='word_1_58' title='bbox 291 1175 407 1258; x_wconf 89' lang='lat' dir='ltr'>Atque</span> <span class='ocrx_word' id='word_1_59' title='bbox 425 1175 490 1240; x_wconf 89' lang='lat' dir='ltr'>hoc</span> <span class='ocrx_word' id='word_1_60' title='bbox 508 1175 613 1258; x_wconf 90' lang='lat' dir='ltr'>liquet</span> <span class='ocrx_word' id='word_1_61' title='bbox 634 1197 677 1239; x_wconf 86' lang='lat' dir='ltr'>ex</span> <span class='ocrx_word' id='word_1_62' title='bbox 697 1176 838 1257; x_wconf 81' lang='lat' dir='ltr'>fastigiis</span> <span class='ocrx_word' id='word_1_63' title='bbox 860 1179 1023 1242; x_wconf 89' lang='lat' dir='ltr'>montium</span> <span class='ocrx_word' id='word_1_64' title='bbox 1039 1175 1114 1262; x_wconf 87' lang='lat' dir='ltr'>(nisi</span> <span class='ocrx_word' id='word_1_65' title='bbox 1131 1179 1195 1242; x_wconf 90' lang='lat' dir='ltr'>sint</span> <span class='ocrx_word' id='word_1_66' title='bbox 1211 1176 1372 1263; x_wconf 82' lang='lat' dir='ltr'>praealti),</span> <span class='ocrx_word' id='word_1_67' title='bbox 1388 1179 1443 1242; x_wconf 92' lang='lat' dir='ltr'>ubi</span> 
     </span>
     <span class='ocr_line' id='line_1_9' title="bbox 291 1280 1443 1363; baseline 0.001 -20"><span class='ocrx_word' id='word_1_68' title='bbox 291 1281 382 1344; x_wconf 90' lang='lat' dir='ltr'>nives</span> <span class='ocrx_word' id='word_1_69' title='bbox 402 1291 563 1363; x_wconf 91' lang='lat' dir='ltr'>perpetuo</span> <span class='ocrx_word' id='word_1_70' title='bbox 584 1281 713 1344; x_wconf 90' lang='lat' dir='ltr'>durant.</span> <span class='ocrx_word' id='word_1_71' title='bbox 760 1280 827 1345; x_wconf 87' lang='lat' dir='ltr'>Sed</span> <span class='ocrx_word' id='word_1_72' title='bbox 848 1293 963 1346; x_wconf 88' lang='lat' dir='ltr'>contra</span> <span class='ocrx_word' id='word_1_73' title='bbox 984 1293 1138 1348; x_wconf 89' lang='lat' dir='ltr'>notatum</span> <span class='ocrx_word' id='word_1_74' title='bbox 1160 1293 1211 1346; x_wconf 92' lang='lat' dir='ltr'>est</span> <span class='ocrx_word' id='word_1_75' title='bbox 1230 1303 1250 1345; x_wconf 90' lang='lat' dir='ltr'>a</span> <span class='ocrx_word' id='word_1_76' title='bbox 1269 1281 1443 1356; x_wconf 71' lang='lat' dir='ltr'>nonnullis</span> 
     </span>
     <span class='ocr_line' id='line_1_10' title="bbox 290 1384 1442 1470; baseline 0.002 -23"><span class='ocrx_word' id='word_1_77' title='bbox 290 1385 380 1464; x_wconf 88' lang='lat' dir='ltr'>quod</span> <span class='ocrx_word' id='word_1_78' title='bbox 403 1384 435 1447; x_wconf 94' lang='lat' dir='ltr'>in</span> <span class='ocrx_word' id='word_1_79' title='bbox 458 1385 627 1448; x_wconf 90' lang='lat' dir='ltr'>cacumine</span> <span class='ocrx_word' id='word_1_80' title='bbox 651 1386 746 1448; x_wconf 88' lang='lat' dir='ltr'>Picus</span> <span class='ocrx_word' id='word_1_81' title='bbox 769 1385 812 1448; x_wconf 93' lang='lat' dir='ltr'>de</span> <span class='ocrx_word' id='word_1_82' title='bbox 832 1385 1009 1470; x_wconf 91' lang='lat' dir='ltr'>Tenariph,</span> <span class='ocrx_word' id='word_1_83' title='bbox 1029 1397 1130 1469; x_wconf 90' lang='lat' dir='ltr'>atque</span> <span class='ocrx_word' id='word_1_84' title='bbox 1155 1387 1255 1451; x_wconf 91' lang='lat' dir='ltr'>etiam</span> <span class='ocrx_word' id='word_1_85' title='bbox 1280 1386 1313 1450; x_wconf 92' lang='lat' dir='ltr'>in</span> <span class='ocrx_word' id='word_1_86' title='bbox 1334 1385 1442 1450; x_wconf 92' lang='lat' dir='ltr'>Andis</span> 
     </span>
     <span class='ocr_line' id='line_1_11' title="bbox 293 1487 1442 1573; baseline 0.004 -24"><span class='ocrx_word' id='word_1_87' title='bbox 293 1489 457 1566; x_wconf 86' lang='lat' dir='ltr'>Peruviae,</span> <span class='ocrx_word' id='word_1_88' title='bbox 480 1491 552 1573; x_wconf 87' lang='lat' dir='ltr'>ipsa</span> <span class='ocrx_word' id='word_1_89' title='bbox 574 1487 703 1572; x_wconf 84' lang='lat' dir='ltr'>fastigia</span> <span class='ocrx_word' id='word_1_90' title='bbox 730 1489 893 1554; x_wconf 92' lang='lat' dir='ltr'>montium</span> <span class='ocrx_word' id='word_1_91' title='bbox 915 1493 990 1554; x_wconf 89' lang='lat' dir='ltr'>nive</span> <span class='ocrx_word' id='word_1_92' title='bbox 1013 1491 1173 1555; x_wconf 88' lang='lat' dir='ltr'>destituta</span> <span class='ocrx_word' id='word_1_93' title='bbox 1199 1491 1283 1567; x_wconf 82' lang='lat' dir='ltr'>sint3</span> <span class='ocrx_word' id='word_1_94' title='bbox 1312 1491 1442 1555; x_wconf 91' lang='lat' dir='ltr'>nivibus</span> 
     </span>
     <span class='ocr_line' id='line_1_12' title="bbox 286 1591 1443 1677; baseline 0.001 -22"><span class='ocrx_word' id='word_1_95' title='bbox 286 1592 476 1673; x_wconf 84' lang='lat' dir='ltr'>jacentibus</span> <span class='ocrx_word' id='word_1_96' title='bbox 499 1601 630 1656; x_wconf 88' lang='lat' dir='ltr'>tantum</span> <span class='ocrx_word' id='word_1_97' title='bbox 654 1591 784 1658; x_wconf 86' lang='lat' dir='ltr'>inferius</span> <span class='ocrx_word' id='word_1_98' title='bbox 806 1593 840 1656; x_wconf 94' lang='lat' dir='ltr'>in</span> <span class='ocrx_word' id='word_1_99' title='bbox 865 1614 1002 1658; x_wconf 91' lang='lat' dir='ltr'>ascensu</span> <span class='ocrx_word' id='word_1_100' title='bbox 1012 1591 1050 1658; x_wconf 67' lang='lat'>²⁸.</span> <span class='ocrx_word' id='word_1_101' title='bbox 1094 1593 1212 1676; x_wconf 85' lang='lat' dir='ltr'>Atque</span> <span class='ocrx_word' id='word_1_102' title='bbox 1233 1595 1367 1677; x_wconf 91' lang='lat' dir='ltr'>insuper</span> <span class='ocrx_word' id='word_1_103' title='bbox 1386 1602 1443 1657; x_wconf 74' lang='lat' dir='ltr'>aer</span> 
     </span>
     <span class='ocr_line' id='line_1_13' title="bbox 291 1696 1442 1781; baseline 0.003 -24"><span class='ocrx_word' id='word_1_104' title='bbox 291 1696 354 1759; x_wconf 89' lang='lat' dir='ltr'>illis</span> <span class='ocrx_word' id='word_1_105' title='bbox 377 1697 455 1780; x_wconf 88' lang='lat' dir='ltr'>ipsis</span> <span class='ocrx_word' id='word_1_106' title='bbox 475 1696 651 1760; x_wconf 89' lang='lat' dir='ltr'>verticibus</span> <span class='ocrx_word' id='word_1_107' title='bbox 673 1697 836 1762; x_wconf 90' lang='lat' dir='ltr'>montium</span> <span class='ocrx_word' id='word_1_108' title='bbox 859 1697 1118 1781; x_wconf 89' lang='lat' dir='ltr'>deprehenditur</span> <span class='ocrx_word' id='word_1_109' title='bbox 1140 1698 1275 1763; x_wconf 91' lang='lat' dir='ltr'>minime</span> <span class='ocrx_word' id='word_1_110' title='bbox 1298 1699 1442 1780; x_wconf 84' lang='lat' dir='ltr'>frigidus,</span> 
     </span>
     <span class='ocr_line' id='line_1_14' title="bbox 290 1800 1441 1887; baseline 0.003 -24"><span class='ocrx_word' id='word_1_111' title='bbox 290 1803 348 1864; x_wconf 91' lang='lat' dir='ltr'>sed</span> <span class='ocrx_word' id='word_1_112' title='bbox 379 1801 487 1864; x_wconf 90' lang='lat' dir='ltr'>tenuis</span> <span class='ocrx_word' id='word_1_113' title='bbox 517 1811 646 1864; x_wconf 89' lang='lat' dir='ltr'>tantum</span> <span class='ocrx_word' id='word_1_114' title='bbox 677 1811 711 1864; x_wconf 91' lang='lat' dir='ltr'>et</span> <span class='ocrx_word' id='word_1_115' title='bbox 741 1822 834 1878; x_wconf 85' lang='lat' dir='ltr'>acer3</span> <span class='ocrx_word' id='word_1_116' title='bbox 868 1802 955 1866; x_wconf 90' lang='lat' dir='ltr'>adeo</span> <span class='ocrx_word' id='word_1_117' title='bbox 985 1813 1022 1866; x_wconf 91' lang='lat' dir='ltr'>ut</span> <span class='ocrx_word' id='word_1_118' title='bbox 1053 1803 1086 1865; x_wconf 92' lang='lat' dir='ltr'>in</span> <span class='ocrx_word' id='word_1_119' title='bbox 1111 1800 1221 1866; x_wconf 89' lang='lat' dir='ltr'>Audis</span> <span class='ocrx_word' id='word_1_120' title='bbox 1251 1813 1379 1887; x_wconf 85' lang='lat' dir='ltr'>pungat</span> <span class='ocrx_word' id='word_1_121' title='bbox 1408 1815 1441 1866; x_wconf 94' lang='lat' dir='ltr'>et</span> 
     </span>
     <span class='ocr_line' id='line_1_15' title="bbox 290 1904 1442 1990; baseline 0.002 -23"><span class='ocrx_word' id='word_1_122' title='bbox 290 1904 440 1968; x_wconf 92' lang='lat' dir='ltr'>vulneret</span> <span class='ocrx_word' id='word_1_123' title='bbox 460 1905 574 1968; x_wconf 92' lang='lat' dir='ltr'>oculos</span> <span class='ocrx_word' id='word_1_124' title='bbox 596 1924 655 1988; x_wconf 90' lang='lat' dir='ltr'>per</span> <span class='ocrx_word' id='word_1_125' title='bbox 674 1904 810 1969; x_wconf 88' lang='lat' dir='ltr'>nimiam</span> <span class='ocrx_word' id='word_1_126' title='bbox 830 1905 1055 1978; x_wconf 83' lang='lat' dir='ltr'>acrimoniam,</span> <span class='ocrx_word' id='word_1_127' title='bbox 1071 1915 1174 1989; x_wconf 87' lang='lat' dir='ltr'>atquc</span> <span class='ocrx_word' id='word_1_128' title='bbox 1194 1907 1294 1971; x_wconf 91' lang='lat' dir='ltr'>etiam</span> <span class='ocrx_word' id='word_1_129' title='bbox 1315 1917 1442 1990; x_wconf 86' lang='lat' dir='ltr'>pungat</span> 
     </span>
     <span class='ocr_line' id='line_1_16' title="bbox 291 2008 1440 2092; baseline 0.002 -20"><span class='ocrx_word' id='word_1_130' title='bbox 291 2031 329 2072; x_wconf 92' lang='lat' dir='ltr'>os</span> <span class='ocrx_word' id='word_1_131' title='bbox 343 2008 525 2087; x_wconf 90' lang='lat' dir='ltr'>ventriculi,</span> <span class='ocrx_word' id='word_1_132' title='bbox 544 2018 578 2073; x_wconf 90' lang='lat' dir='ltr'>et</span> <span class='ocrx_word' id='word_1_133' title='bbox 601 2009 735 2072; x_wconf 90' lang='lat' dir='ltr'>inducat</span> <span class='ocrx_word' id='word_1_134' title='bbox 756 2009 928 2075; x_wconf 91' lang='lat' dir='ltr'>vomitum.</span> <span class='ocrx_word' id='word_1_135' title='bbox 974 2009 1091 2092; x_wconf 88' lang='lat' dir='ltr'>Atque</span> <span class='ocrx_word' id='word_1_136' title='bbox 1113 2011 1157 2074; x_wconf 92' lang='lat' dir='ltr'>ab</span> <span class='ocrx_word' id='word_1_137' title='bbox 1179 2011 1322 2092; x_wconf 88' lang='lat' dir='ltr'>antiquis</span> <span class='ocrx_word' id='word_1_138' title='bbox 1345 2021 1440 2074; x_wconf 89' lang='lat' dir='ltr'>nota-</span> 
     </span>
     <span class='ocr_line' id='line_1_17' title="bbox 291 2110 1440 2196; baseline 0.003 -21"><span class='ocrx_word' id='word_1_139' title='bbox 291 2125 362 2176; x_wconf 92' lang='lat' dir='ltr'>tum</span> <span class='ocrx_word' id='word_1_140' title='bbox 388 2121 448 2184; x_wconf 90' lang='lat' dir='ltr'>est,</span> <span class='ocrx_word' id='word_1_141' title='bbox 475 2113 508 2175; x_wconf 91' lang='lat' dir='ltr'>in</span> <span class='ocrx_word' id='word_1_142' title='bbox 534 2111 656 2176; x_wconf 91' lang='lat' dir='ltr'>vertice</span> <span class='ocrx_word' id='word_1_143' title='bbox 677 2110 815 2196; x_wconf 92' lang='lat' dir='ltr'>Olympi</span> <span class='ocrx_word' id='word_1_144' title='bbox 840 2123 969 2177; x_wconf 90' lang='lat' dir='ltr'>tantam</span> <span class='ocrx_word' id='word_1_145' title='bbox 1001 2113 1100 2178; x_wconf 86' lang='lat' dir='ltr'>luisse</span> <span class='ocrx_word' id='word_1_146' title='bbox 1127 2115 1211 2178; x_wconf 81' lang='lat' dir='ltr'>ae&#39;ris</span> <span class='ocrx_word' id='word_1_147' title='bbox 1236 2115 1440 2191; x_wconf 88' lang='lat' dir='ltr'>tenuitatem,</span> 
     </span>
     <span class='ocr_line' id='line_1_18' title="bbox 291 2215 1441 2297; baseline 0.003 -18"><span class='ocrx_word' id='word_1_148' title='bbox 291 2228 326 2280; x_wconf 93' lang='lat' dir='ltr'>ut</span> <span class='ocrx_word' id='word_1_149' title='bbox 360 2237 492 2280; x_wconf 89' lang='lat' dir='ltr'>necesse</span> <span class='ocrx_word' id='word_1_150' title='bbox 527 2215 624 2279; x_wconf 83' lang='lat' dir='ltr'>suerit</span> <span class='ocrx_word' id='word_1_151' title='bbox 658 2216 721 2279; x_wconf 91' lang='lat' dir='ltr'>illis</span> <span class='ocrx_word' id='word_1_152' title='bbox 754 2217 811 2297; x_wconf 91' lang='lat' dir='ltr'>qui</span> <span class='ocrx_word' id='word_1_153' title='bbox 846 2238 886 2280; x_wconf 89' lang='lat' dir='ltr'>eo</span> <span class='ocrx_word' id='word_1_154' title='bbox 922 2219 1136 2282; x_wconf 88' lang='lat' dir='ltr'>ascenderant</span> <span class='ocrx_word' id='word_1_155' title='bbox 1169 2238 1280 2282; x_wconf 88' lang='lat' dir='ltr'>secum</span> <span class='ocrx_word' id='word_1_156' title='bbox 1316 2219 1441 2283; x_wconf 81' lang='lat' dir='ltr'>deferre</span> 
     </span>
     <span class='ocr_line' id='line_1_19' title="bbox 290 2321 1441 2404; baseline 0.002 -20"><span class='ocrx_word' id='word_1_157' title='bbox 290 2321 445 2404; x_wconf 87' lang='lat' dir='ltr'>spongias</span> <span class='ocrx_word' id='word_1_158' title='bbox 471 2332 568 2384; x_wconf 89' lang='lat' dir='ltr'>aceto</span> <span class='ocrx_word' id='word_1_159' title='bbox 591 2329 626 2384; x_wconf 89' lang='lat' dir='ltr'>et</span> <span class='ocrx_word' id='word_1_160' title='bbox 649 2341 737 2402; x_wconf 89' lang='lat' dir='ltr'>aqua</span> <span class='ocrx_word' id='word_1_161' title='bbox 764 2321 974 2395; x_wconf 76' lang='lat' dir='ltr'>madefactae,</span> <span class='ocrx_word' id='word_1_162' title='bbox 1001 2342 1125 2404; x_wconf 90' lang='lat' dir='ltr'>easque</span> <span class='ocrx_word' id='word_1_163' title='bbox 1147 2322 1191 2385; x_wconf 91' lang='lat' dir='ltr'>ad</span> <span class='ocrx_word' id='word_1_164' title='bbox 1218 2344 1256 2386; x_wconf 92' lang='lat' dir='ltr'>os</span> <span class='ocrx_word' id='word_1_165' title='bbox 1282 2333 1317 2386; x_wconf 90' lang='lat' dir='ltr'>et</span> <span class='ocrx_word' id='word_1_166' title='bbox 1346 2342 1441 2386; x_wconf 86' lang='lat' dir='ltr'>nares</span> 
     </span>
     <span class='ocr_line' id='line_1_20' title="bbox 290 2425 1441 2508; baseline 0.003 -20"><span class='ocrx_word' id='word_1_167' title='bbox 290 2425 428 2489; x_wconf 90' lang='lat' dir='ltr'>subinde</span> <span class='ocrx_word' id='word_1_168' title='bbox 459 2445 633 2508; x_wconf 88' lang='lat' dir='ltr'>apponere,</span> <span class='ocrx_word' id='word_1_169' title='bbox 663 2426 741 2507; x_wconf 89' lang='lat' dir='ltr'>quia</span> <span class='ocrx_word' id='word_1_170' title='bbox 771 2431 827 2488; x_wconf 75' lang='lat' dir='ltr'>aer</span> <span class='ocrx_word' id='word_1_171' title='bbox 858 2427 902 2490; x_wconf 94' lang='lat' dir='ltr'>ob</span> <span class='ocrx_word' id='word_1_172' title='bbox 936 2426 1131 2490; x_wconf 88' lang='lat' dir='ltr'>tenuitatem</span> <span class='ocrx_word' id='word_1_173' title='bbox 1162 2447 1228 2490; x_wconf 93' lang='lat' dir='ltr'>non</span> <span class='ocrx_word' id='word_1_174' title='bbox 1259 2427 1441 2492; x_wconf 88' lang='lat' dir='ltr'>sufficiebat</span> 
     </span>
     <span class='ocr_line' id='line_1_21' title="bbox 290 2528 1441 2613; baseline 0.003 -21"><span class='ocrx_word' id='word_1_175' title='bbox 290 2528 549 2613; x_wconf 76' lang='lat' dir='ltr'>respirationt⁷⁷:</span> <span class='ocrx_word' id='word_1_176' title='bbox 574 2529 606 2592; x_wconf 91' lang='lat' dir='ltr'>in</span> <span class='ocrx_word' id='word_1_177' title='bbox 623 2550 690 2611; x_wconf 95' lang='lat' dir='ltr'>quo</span> <span class='ocrx_word' id='word_1_178' title='bbox 702 2531 824 2594; x_wconf 90' lang='lat' dir='ltr'>vertice</span> <span class='ocrx_word' id='word_1_179' title='bbox 844 2531 945 2594; x_wconf 90' lang='lat' dir='ltr'>etiam</span> <span class='ocrx_word' id='word_1_180' title='bbox 962 2530 1104 2594; x_wconf 86' lang='lat' dir='ltr'>relatum</span> <span class='ocrx_word' id='word_1_181' title='bbox 1122 2541 1181 2608; x_wconf 89' lang='lat' dir='ltr'>est,</span> <span class='ocrx_word' id='word_1_182' title='bbox 1196 2540 1324 2594; x_wconf 86' lang='lat' dir='ltr'>tantam</span> <span class='ocrx_word' id='word_1_183' title='bbox 1342 2531 1441 2596; x_wconf 85' lang='lat' dir='ltr'>luisse</span> 
     </span>
     <span class='ocr_line' id='line_1_22' title="bbox 289 2632 1441 2717; baseline 0.002 -21"><span class='ocrx_word' id='word_1_184' title='bbox 289 2634 500 2698; x_wconf 87' lang='lat' dir='ltr'>serenitatem</span> <span class='ocrx_word' id='word_1_185' title='bbox 516 2643 550 2697; x_wconf 90' lang='lat' dir='ltr'>et</span> <span class='ocrx_word' id='word_1_186' title='bbox 566 2632 837 2714; x_wconf 88' lang='lat' dir='ltr'>tranquillitatem</span> <span class='ocrx_word' id='word_1_187' title='bbox 859 2654 879 2697; x_wconf 91' lang='lat' dir='ltr'>a</span> <span class='ocrx_word' id='word_1_188' title='bbox 901 2635 1019 2717; x_wconf 84' lang='lat' dir='ltr'>pluviis</span> <span class='ocrx_word' id='word_1_189' title='bbox 1038 2644 1073 2698; x_wconf 91' lang='lat' dir='ltr'>et</span> <span class='ocrx_word' id='word_1_190' title='bbox 1088 2635 1219 2698; x_wconf 89' lang='lat' dir='ltr'>nivibus</span> <span class='ocrx_word' id='word_1_191' title='bbox 1241 2645 1274 2698; x_wconf 89' lang='lat' dir='ltr'>et</span> <span class='ocrx_word' id='word_1_192' title='bbox 1288 2636 1396 2699; x_wconf 91' lang='lat' dir='ltr'>ventis</span> <span class='ocrx_word' id='word_1_193' title='bbox 1405 2633 1441 2712; x_wconf 78' lang='lat'>⁷⁸,</span> 
     </span>
    </p>
   </div>
   <div class='ocr_carea' id='block_1_3' title="bbox 288 2885 1445 4548">
    <p class='ocr_par' dir='ltr' id='par_1_4' title="bbox 289 2885 1445 3111">
     <span class='ocr_line' id='line_1_23' title="bbox 324 2885 1440 2958; baseline 0.001 -16"><span class='ocrx_word' id='word_1_194' title='bbox 324 2885 347 2918; x_wconf 78' lang='lat'>⁷⁴</span> <span class='ocrx_word' id='word_1_195' title='bbox 366 2887 436 2942; x_wconf 91' lang='lat' dir='ltr'>This</span> <span class='ocrx_word' id='word_1_196' title='bbox 454 2887 591 2942; x_wconf 88' lang='lat' dir='ltr'>influence</span> <span class='ocrx_word' id='word_1_197' title='bbox 604 2888 635 2942; x_wconf 83' lang='lat' dir='ltr'>ol</span> <span class='ocrx_word' id='word_1_198' title='bbox 651 2888 699 2941; x_wconf 91' lang='lat' dir='ltr'>the</span> <span class='ocrx_word' id='word_1_199' title='bbox 713 2887 785 2942; x_wconf 86' lang='lat' dir='ltr'>fixed</span> <span class='ocrx_word' id='word_1_200' title='bbox 798 2898 871 2942; x_wconf 83' lang='lat' dir='ltr'>stars</span> <span class='ocrx_word' id='word_1_201' title='bbox 884 2885 917 2954; x_wconf 92' lang='lat' dir='ltr'>is,</span> <span class='ocrx_word' id='word_1_202' title='bbox 930 2887 963 2942; x_wconf 83' lang='lat' dir='ltr'>of</span> <span class='ocrx_word' id='word_1_203' title='bbox 977 2905 1083 2954; x_wconf 88' lang='lat' dir='ltr'>course,</span> <span class='ocrx_word' id='word_1_204' title='bbox 1097 2889 1193 2958; x_wconf 88' lang='lat' dir='ltr'>purely</span> <span class='ocrx_word' id='word_1_205' title='bbox 1207 2887 1371 2956; x_wconf 83' lang='lat' dir='ltr'>imaginary,</span> <span class='ocrx_word' id='word_1_206' title='bbox 1383 2890 1440 2943; x_wconf 89' lang='lat' dir='ltr'>and</span> 
     </span>
     <span class='ocr_line' id='line_1_24' title="bbox 289 2971 1445 3045; baseline 0 -20"><span class='ocrx_word' id='word_1_207' title='bbox 289 2975 337 3026; x_wconf 88' lang='lat' dir='ltr'>the</span> <span class='ocrx_word' id='word_1_208' title='bbox 350 2972 469 3038; x_wconf 87' lang='lat' dir='ltr'>remark,</span> <span class='ocrx_word' id='word_1_209' title='bbox 482 2989 636 3045; x_wconf 79' lang='lat' dir='ltr'>moreoyer‚</span> <span class='ocrx_word' id='word_1_210' title='bbox 651 2973 741 3026; x_wconf 87' lang='lat' dir='ltr'>sbews</span> <span class='ocrx_word' id='word_1_211' title='bbox 754 2973 815 3026; x_wconf 87' lang='lat' dir='ltr'>that</span> <span class='ocrx_word' id='word_1_212' title='bbox 830 2973 925 3028; x_wconf 77' lang='lat' dir='ltr'>bacon</span> <span class='ocrx_word' id='word_1_213' title='bbox 937 2971 1112 3027; x_wconf 88' lang='lat' dir='ltr'>entertained</span> <span class='ocrx_word' id='word_1_214' title='bbox 1131 2973 1179 3026; x_wconf 89' lang='lat' dir='ltr'>the</span> <span class='ocrx_word' id='word_1_215' title='bbox 1192 2972 1303 3027; x_wconf 90' lang='lat' dir='ltr'>crudcst</span> <span class='ocrx_word' id='word_1_216' title='bbox 1317 2971 1401 3028; x_wconf 86' lang='lat' dir='ltr'>views</span> <span class='ocrx_word' id='word_1_217' title='bbox 1412 2973 1445 3027; x_wconf 85' lang='lat' dir='ltr'>of</span> 
     </span>
     <span class='ocr_line' id='line_1_25' title="bbox 289 3053 650 3111; baseline -0.003 -2"><span class='ocrx_word' id='word_1_218' title='bbox 289 3053 486 3111; x_wconf 83' lang='lat' dir='ltr'>astronomical</span> <span class='ocrx_word' id='word_1_219' title='bbox 499 3055 650 3110; x_wconf 86' lang='lat' dir='ltr'>distances.</span> 
     </span>
    </p>

    <p class='ocr_par' dir='ltr' id='par_1_5' title="bbox 288 3137 1440 3696">
     <span class='ocr_line' id='line_1_26' title="bbox 327 3137 1440 3209; baseline 0.002 -16"><span class='ocrx_word' id='word_1_220' title='bbox 327 3141 338 3193; x_wconf 95' lang='lat' dir='ltr'>l</span> <span class='ocrx_word' id='word_1_221' title='bbox 353 3157 419 3208; x_wconf 90' lang='lat' dir='ltr'>may</span> <span class='ocrx_word' id='word_1_222' title='bbox 430 3139 498 3194; x_wconf 90' lang='lat' dir='ltr'>here</span> <span class='ocrx_word' id='word_1_223' title='bbox 511 3148 582 3193; x_wconf 88' lang='lat' dir='ltr'>state</span> <span class='ocrx_word' id='word_1_224' title='bbox 595 3141 656 3194; x_wconf 89' lang='lat' dir='ltr'>that</span> <span class='ocrx_word' id='word_1_225' title='bbox 668 3140 678 3193; x_wconf 96' lang='lat' dir='ltr'>l</span> <span class='ocrx_word' id='word_1_226' title='bbox 694 3139 766 3194; x_wconf 90' lang='lat' dir='ltr'>shall</span> <span class='ocrx_word' id='word_1_227' title='bbox 778 3149 837 3206; x_wconf 91' lang='lat' dir='ltr'>not,</span> <span class='ocrx_word' id='word_1_228' title='bbox 850 3157 882 3193; x_wconf 91' lang='lat' dir='ltr'>as</span> <span class='ocrx_word' id='word_1_229' title='bbox 895 3159 912 3194; x_wconf 92' lang='lat' dir='ltr'>a</span> <span class='ocrx_word' id='word_1_230' title='bbox 925 3140 992 3206; x_wconf 91' lang='lat' dir='ltr'>rule,</span> <span class='ocrx_word' id='word_1_231' title='bbox 1005 3147 1133 3209; x_wconf 85' lang='lat' dir='ltr'>attempt,</span> <span class='ocrx_word' id='word_1_232' title='bbox 1147 3137 1175 3193; x_wconf 93' lang='lat' dir='ltr'>in</span> <span class='ocrx_word' id='word_1_233' title='bbox 1189 3139 1236 3194; x_wconf 91' lang='lat' dir='ltr'>the</span> <span class='ocrx_word' id='word_1_234' title='bbox 1248 3149 1328 3194; x_wconf 89' lang='lat' dir='ltr'>notes</span> <span class='ocrx_word' id='word_1_235' title='bbox 1342 3157 1379 3193; x_wconf 94' lang='lat' dir='ltr'>on</span> <span class='ocrx_word' id='word_1_236' title='bbox 1392 3141 1440 3195; x_wconf 91' lang='lat' dir='ltr'>the</span> 
     </span>
     <span class='ocr_line' id='line_1_27' title="bbox 289 3222 1440 3293; baseline 0 -15"><span class='ocrx_word' id='word_1_237' title='bbox 289 3223 447 3280; x_wconf 87' lang='lat' dir='ltr'>remainder</span> <span class='ocrx_word' id='word_1_238' title='bbox 459 3222 491 3278; x_wconf 86' lang='lat' dir='ltr'>ol</span> <span class='ocrx_word' id='word_1_239' title='bbox 499 3223 556 3277; x_wconf 88' lang='lat' dir='ltr'>this</span> <span class='ocrx_word' id='word_1_240' title='bbox 570 3222 659 3290; x_wconf 88' lang='lat' dir='ltr'>Book,</span> <span class='ocrx_word' id='word_1_241' title='bbox 671 3233 702 3278; x_wconf 92' lang='lat' dir='ltr'>to</span> <span class='ocrx_word' id='word_1_242' title='bbox 714 3233 856 3278; x_wconf 90' lang='lat' dir='ltr'>comment</span> <span class='ocrx_word' id='word_1_243' title='bbox 869 3240 905 3278; x_wconf 90' lang='lat' dir='ltr'>on</span> <span class='ocrx_word' id='word_1_244' title='bbox 919 3224 1039 3278; x_wconf 86' lang='lat' dir='ltr'>Bacon&#39;s</span> <span class='ocrx_word' id='word_1_245' title='bbox 1055 3222 1191 3278; x_wconf 87' lang='lat' dir='ltr'>scientific</span> <span class='ocrx_word' id='word_1_246' title='bbox 1202 3223 1352 3293; x_wconf 84' lang='lat' dir='ltr'>examples,</span> <span class='ocrx_word' id='word_1_247' title='bbox 1366 3240 1398 3278; x_wconf 92' lang='lat' dir='ltr'>or</span> <span class='ocrx_word' id='word_1_248' title='bbox 1410 3235 1440 3278; x_wconf 92' lang='lat' dir='ltr'>to</span> 
     </span>
     <span class='ocr_line' id='line_1_28' title="bbox 290 3305 1440 3378; baseline 0.001 -17"><span class='ocrx_word' id='word_1_249' title='bbox 290 3317 354 3363; x_wconf 89' lang='lat' dir='ltr'>note</span> <span class='ocrx_word' id='word_1_250' title='bbox 374 3306 418 3361; x_wconf 92' lang='lat' dir='ltr'>his</span> <span class='ocrx_word' id='word_1_251' title='bbox 440 3305 575 3360; x_wconf 88' lang='lat' dir='ltr'>scientific</span> <span class='ocrx_word' id='word_1_252' title='bbox 597 3324 697 3373; x_wconf 79' lang='lat' dir='ltr'>errors,</span> <span class='ocrx_word' id='word_1_253' title='bbox 719 3308 814 3361; x_wconf 91' lang='lat' dir='ltr'>unless</span> <span class='ocrx_word' id='word_1_254' title='bbox 836 3308 903 3376; x_wconf 85' lang='lat' dir='ltr'>they</span> <span class='ocrx_word' id='word_1_255' title='bbox 922 3317 1034 3378; x_wconf 90' lang='lat' dir='ltr'>present</span> <span class='ocrx_word' id='word_1_256' title='bbox 1059 3324 1138 3361; x_wconf 90' lang='lat' dir='ltr'>some</span> <span class='ocrx_word' id='word_1_257' title='bbox 1158 3307 1266 3361; x_wconf 78' lang='lat' dir='ltr'>feature</span> <span class='ocrx_word' id='word_1_258' title='bbox 1287 3307 1319 3361; x_wconf 86' lang='lat' dir='ltr'>of</span> <span class='ocrx_word' id='word_1_259' title='bbox 1337 3307 1440 3377; x_wconf 92' lang='lat' dir='ltr'>special</span> 
     </span>
     <span class='ocr_line' id='line_1_29' title="bbox 290 3389 1439 3460; baseline -0.001 -15"><span class='ocrx_word' id='word_1_260' title='bbox 290 3392 412 3446; x_wconf 88' lang='lat' dir='ltr'>interest.</span> <span class='ocrx_word' id='word_1_261' title='bbox 449 3391 511 3444; x_wconf 89' lang='lat' dir='ltr'>The</span> <span class='ocrx_word' id='word_1_262' title='bbox 529 3389 621 3460; x_wconf 90' lang='lat' dir='ltr'>object</span> <span class='ocrx_word' id='word_1_263' title='bbox 639 3390 672 3443; x_wconf 91' lang='lat' dir='ltr'>os</span> <span class='ocrx_word' id='word_1_264' title='bbox 686 3389 743 3445; x_wconf 91' lang='lat' dir='ltr'>this</span> <span class='ocrx_word' id='word_1_265' title='bbox 760 3390 868 3444; x_wconf 90' lang='lat' dir='ltr'>edition</span> <span class='ocrx_word' id='word_1_266' title='bbox 886 3390 910 3444; x_wconf 90' lang='lat' dir='ltr'>is</span> <span class='ocrx_word' id='word_1_267' title='bbox 927 3401 957 3444; x_wconf 89' lang='lat' dir='ltr'>to</span> <span class='ocrx_word' id='word_1_268' title='bbox 974 3389 1109 3446; x_wconf 85' lang='lat' dir='ltr'>illustrate</span> <span class='ocrx_word' id='word_1_269' title='bbox 1126 3391 1173 3446; x_wconf 88' lang='lat' dir='ltr'>the</span> <span class='ocrx_word' id='word_1_270' title='bbox 1191 3389 1291 3460; x_wconf 81' lang='lat' dir='ltr'>logical</span> <span class='ocrx_word' id='word_1_271' title='bbox 1308 3390 1364 3444; x_wconf 88' lang='lat' dir='ltr'>and</span> <span class='ocrx_word' id='word_1_272' title='bbox 1377 3390 1439 3460; x_wconf 92' lang='lat' dir='ltr'>phi-</span> 
     </span>
     <span class='ocr_line' id='line_1_30' title="bbox 289 3472 1439 3544; baseline 0.001 -16"><span class='ocrx_word' id='word_1_273' title='bbox 289 3473 451 3544; x_wconf 89' lang='lat' dir='ltr'>losophical,</span> <span class='ocrx_word' id='word_1_274' title='bbox 469 3474 564 3527; x_wconf 83' lang='lat' dir='ltr'>rather</span> <span class='ocrx_word' id='word_1_275' title='bbox 582 3475 650 3528; x_wconf 88' lang='lat' dir='ltr'>than</span> <span class='ocrx_word' id='word_1_276' title='bbox 668 3473 715 3528; x_wconf 89' lang='lat' dir='ltr'>the</span> <span class='ocrx_word' id='word_1_277' title='bbox 734 3472 869 3528; x_wconf 88' lang='lat' dir='ltr'>scientifie</span> <span class='ocrx_word' id='word_1_278' title='bbox 890 3473 1011 3543; x_wconf 87' lang='lat' dir='ltr'>position</span> <span class='ocrx_word' id='word_1_279' title='bbox 1030 3474 1062 3529; x_wconf 87' lang='lat' dir='ltr'>ol</span> <span class='ocrx_word' id='word_1_280' title='bbox 1075 3475 1123 3530; x_wconf 90' lang='lat' dir='ltr'>tbe</span> <span class='ocrx_word' id='word_1_281' title='bbox 1145 3475 1253 3539; x_wconf 86' lang='lat' dir='ltr'>author,</span> <span class='ocrx_word' id='word_1_282' title='bbox 1273 3473 1330 3528; x_wconf 90' lang='lat' dir='ltr'>and</span> <span class='ocrx_word' id='word_1_283' title='bbox 1351 3475 1439 3529; x_wconf 89' lang='lat' dir='ltr'>hence</span> 
     </span>
     <span class='ocr_line' id='line_1_31' title="bbox 289 3557 1438 3627; baseline -0.001 -14"><span class='ocrx_word' id='word_1_284' title='bbox 289 3559 335 3613; x_wconf 91' lang='lat' dir='ltr'>the</span> <span class='ocrx_word' id='word_1_285' title='bbox 348 3558 439 3624; x_wconf 91' lang='lat' dir='ltr'>latter,</span> <span class='ocrx_word' id='word_1_286' title='bbox 452 3557 560 3626; x_wconf 84' lang='lat' dir='ltr'>though</span> <span class='ocrx_word' id='word_1_287' title='bbox 575 3559 585 3611; x_wconf 94' lang='lat'><em>1</em></span> <span class='ocrx_word' id='word_1_288' title='bbox 600 3557 672 3611; x_wconf 89' lang='lat' dir='ltr'>shall</span> <span class='ocrx_word' id='word_1_289' title='bbox 685 3559 723 3625; x_wconf 95' lang='lat' dir='ltr'>by</span> <span class='ocrx_word' id='word_1_290' title='bbox 736 3574 773 3612; x_wconf 92' lang='lat' dir='ltr'>no</span> <span class='ocrx_word' id='word_1_291' title='bbox 786 3573 884 3613; x_wconf 89' lang='lat' dir='ltr'>means</span> <span class='ocrx_word' id='word_1_292' title='bbox 898 3557 994 3627; x_wconf 84' lang='lat' dir='ltr'>ignore</span> <span class='ocrx_word' id='word_1_293' title='bbox 1013 3558 1042 3624; x_wconf 90' lang='lat' dir='ltr'>it,</span> <span class='ocrx_word' id='word_1_294' title='bbox 1058 3557 1110 3612; x_wconf 91' lang='lat' dir='ltr'>will</span> <span class='ocrx_word' id='word_1_295' title='bbox 1128 3557 1237 3626; x_wconf 89' lang='lat' dir='ltr'>usually</span> <span class='ocrx_word' id='word_1_296' title='bbox 1249 3557 1285 3611; x_wconf 93' lang='lat' dir='ltr'>be</span> <span class='ocrx_word' id='word_1_297' title='bbox 1303 3557 1438 3626; x_wconf 85' lang='lat' dir='ltr'>regarded</span> 
     </span>
     <span class='ocr_line' id='line_1_32' title="bbox 288 3639 736 3696; baseline -0.002 0"><span class='ocrx_word' id='word_1_298' title='bbox 288 3660 319 3696; x_wconf 88' lang='lat' dir='ltr'>as</span> <span class='ocrx_word' id='word_1_299' title='bbox 333 3639 512 3696; x_wconf 89' lang='lat' dir='ltr'>subordinate</span> <span class='ocrx_word' id='word_1_300' title='bbox 525 3651 554 3695; x_wconf 91' lang='lat' dir='ltr'>to</span> <span class='ocrx_word' id='word_1_301' title='bbox 566 3641 614 3695; x_wconf 89' lang='lat' dir='ltr'>the</span> <span class='ocrx_word' id='word_1_302' title='bbox 625 3641 736 3696; x_wconf 81' lang='lat' dir='ltr'>tormer.</span> 
     </span>
    </p>

    <p class='ocr_par' dir='ltr' id='par_1_6' title="bbox 288 3721 1438 3863">
     <span class='ocr_line' id='line_1_33' title="bbox 323 3721 1438 3794; baseline 0.001 -16"><span class='ocrx_word' id='word_1_303' title='bbox 323 3721 346 3755; x_wconf 74' lang='lat'>⁷³</span> <span class='ocrx_word' id='word_1_304' title='bbox 363 3723 425 3778; x_wconf 88' lang='lat' dir='ltr'>The</span> <span class='ocrx_word' id='word_1_305' title='bbox 442 3735 502 3779; x_wconf 89' lang='lat' dir='ltr'>true</span> <span class='ocrx_word' id='word_1_306' title='bbox 518 3741 618 3780; x_wconf 86' lang='lat' dir='ltr'>reason</span> <span class='ocrx_word' id='word_1_307' title='bbox 633 3723 657 3779; x_wconf 89' lang='lat' dir='ltr'>is</span> <span class='ocrx_word' id='word_1_308' title='bbox 673 3725 721 3778; x_wconf 87' lang='lat' dir='ltr'>the</span> <span class='ocrx_word' id='word_1_309' title='bbox 738 3723 897 3794; x_wconf 88' lang='lat' dir='ltr'>increasing</span> <span class='ocrx_word' id='word_1_310' title='bbox 913 3725 1081 3780; x_wconf 79' lang='lat' dir='ltr'>rarefaction</span> <span class='ocrx_word' id='word_1_311' title='bbox 1097 3725 1128 3779; x_wconf 81' lang='lat' dir='ltr'>of</span> <span class='ocrx_word' id='word_1_312' title='bbox 1141 3725 1189 3779; x_wconf 91' lang='lat' dir='ltr'>the</span> <span class='ocrx_word' id='word_1_313' title='bbox 1208 3724 1394 3794; x_wconf 89' lang='lat' dir='ltr'>atmosphere,</span> <span class='ocrx_word' id='word_1_314' title='bbox 1407 3741 1438 3779; x_wconf 92' lang='lat' dir='ltr'>as</span> 
     </span>
     <span class='ocr_line' id='line_1_34' title="bbox 288 3806 741 3863; baseline 0 -3"><span class='ocrx_word' id='word_1_315' title='bbox 288 3826 329 3863; x_wconf 87' lang='lat' dir='ltr'>we</span> <span class='ocrx_word' id='word_1_316' title='bbox 340 3806 446 3863; x_wconf 88' lang='lat' dir='ltr'>ascend</span> <span class='ocrx_word' id='word_1_317' title='bbox 459 3807 531 3861; x_wconf 84' lang='lat' dir='ltr'>from</span> <span class='ocrx_word' id='word_1_318' title='bbox 543 3809 591 3862; x_wconf 91' lang='lat' dir='ltr'>the</span> <span class='ocrx_word' id='word_1_319' title='bbox 603 3809 741 3862; x_wconf 87' lang='lat' dir='ltr'>sea-level.</span> 
     </span>
    </p>

    <p class='ocr_par' dir='ltr' id='par_1_7' title="bbox 288 3889 1439 4031">
     <span class='ocr_line' id='line_1_35' title="bbox 323 3889 1439 3962; baseline 0 -16"><span class='ocrx_word' id='word_1_320' title='bbox 323 3889 346 3922; x_wconf 70' lang='lat' dir='ltr'>re</span> <span class='ocrx_word' id='word_1_321' title='bbox 365 3891 473 3961; x_wconf 89' lang='lat' dir='ltr'>Simply</span> <span class='ocrx_word' id='word_1_322' title='bbox 484 3891 605 3947; x_wconf 89' lang='lat' dir='ltr'>because</span> <span class='ocrx_word' id='word_1_323' title='bbox 623 3893 671 3946; x_wconf 90' lang='lat' dir='ltr'>tbe</span> <span class='ocrx_word' id='word_1_324' title='bbox 689 3891 778 3962; x_wconf 89' lang='lat' dir='ltr'>peaks</span> <span class='ocrx_word' id='word_1_325' title='bbox 795 3908 844 3946; x_wconf 85' lang='lat' dir='ltr'>are</span> <span class='ocrx_word' id='word_1_326' title='bbox 862 3908 894 3946; x_wconf 93' lang='lat' dir='ltr'>so</span> <span class='ocrx_word' id='word_1_327' title='bbox 914 3903 991 3962; x_wconf 90' lang='lat' dir='ltr'>steep</span> <span class='ocrx_word' id='word_1_328' title='bbox 1008 3893 1068 3946; x_wconf 87' lang='lat' dir='ltr'>that</span> <span class='ocrx_word' id='word_1_329' title='bbox 1087 3892 1134 3947; x_wconf 90' lang='lat' dir='ltr'>tbe</span> <span class='ocrx_word' id='word_1_330' title='bbox 1153 3908 1230 3946; x_wconf 86' lang='lat' dir='ltr'>suow</span> <span class='ocrx_word' id='word_1_331' title='bbox 1244 3892 1297 3946; x_wconf 90' lang='lat' dir='ltr'>will</span> <span class='ocrx_word' id='word_1_332' title='bbox 1315 3902 1364 3946; x_wconf 92' lang='lat' dir='ltr'>not</span> <span class='ocrx_word' id='word_1_333' title='bbox 1383 3903 1439 3948; x_wconf 88' lang='lat' dir='ltr'>rest</span> 
     </span>
     <span class='ocr_line' id='line_1_36' title="bbox 288 3976 424 4031; baseline -0.007 -2"><span class='ocrx_word' id='word_1_334' title='bbox 288 3992 323 4029; x_wconf 93' lang='lat' dir='ltr'>on</span> <span class='ocrx_word' id='word_1_335' title='bbox 337 3976 424 4031; x_wconf 87' lang='lat' dir='ltr'>them.</span> 
     </span>
    </p>

    <p class='ocr_par' dir='ltr' id='par_1_8' title="bbox 289 4056 1438 4380">
     <span class='ocr_line' id='line_1_37' title="bbox 323 4056 1437 4128; baseline 0.002 -16"><span class='ocrx_word' id='word_1_336' title='bbox 323 4057 346 4088; x_wconf 77' lang='lat'>⁷⁷</span> <span class='ocrx_word' id='word_1_337' title='bbox 367 4060 378 4112; x_wconf 95' lang='lat' dir='ltr'>l</span> <span class='ocrx_word' id='word_1_338' title='bbox 399 4059 472 4112; x_wconf 87' lang='lat' dir='ltr'>have</span> <span class='ocrx_word' id='word_1_339' title='bbox 489 4067 539 4112; x_wconf 91' lang='lat' dir='ltr'>not</span> <span class='ocrx_word' id='word_1_340' title='bbox 557 4060 629 4113; x_wconf 91' lang='lat' dir='ltr'>been</span> <span class='ocrx_word' id='word_1_341' title='bbox 646 4058 710 4112; x_wconf 91' lang='lat' dir='ltr'>able</span> <span class='ocrx_word' id='word_1_342' title='bbox 727 4066 758 4112; x_wconf 92' lang='lat' dir='ltr'>to</span> <span class='ocrx_word' id='word_1_343' title='bbox 776 4067 853 4113; x_wconf 92' lang='lat' dir='ltr'>trace</span> <span class='ocrx_word' id='word_1_344' title='bbox 870 4056 927 4113; x_wconf 88' lang='lat' dir='ltr'>this</span> <span class='ocrx_word' id='word_1_345' title='bbox 945 4057 1064 4113; x_wconf 89' lang='lat' dir='ltr'>allusion</span> <span class='ocrx_word' id='word_1_346' title='bbox 1082 4070 1112 4114; x_wconf 90' lang='lat' dir='ltr'>to</span> <span class='ocrx_word' id='word_1_347' title='bbox 1130 4076 1187 4128; x_wconf 88' lang='lat' dir='ltr'>any</span> <span class='ocrx_word' id='word_1_348' title='bbox 1199 4057 1327 4113; x_wconf 87' lang='lat' dir='ltr'>classical</span> <span class='ocrx_word' id='word_1_349' title='bbox 1340 4059 1437 4114; x_wconf 84' lang='lat' dir='ltr'>writer.</span> 
     </span>
     <span class='ocr_line' id='line_1_38' title="bbox 289 4141 1437 4210; baseline 0.002 -16"><span class='ocrx_word' id='word_1_350' title='bbox 289 4143 350 4196; x_wconf 86' lang='lat' dir='ltr'>The</span> <span class='ocrx_word' id='word_1_351' title='bbox 367 4153 452 4210; x_wconf 91' lang='lat' dir='ltr'>story,</span> <span class='ocrx_word' id='word_1_352' title='bbox 465 4142 602 4209; x_wconf 87' lang='lat' dir='ltr'>however,</span> <span class='ocrx_word' id='word_1_353' title='bbox 615 4159 713 4196; x_wconf 91' lang='lat' dir='ltr'>occurs</span> <span class='ocrx_word' id='word_1_354' title='bbox 730 4141 758 4195; x_wconf 91' lang='lat' dir='ltr'>in</span> <span class='ocrx_word' id='word_1_355' title='bbox 772 4141 935 4210; x_wconf 86' lang='lat' dir='ltr'>Augustine,</span> <span class='ocrx_word' id='word_1_356' title='bbox 951 4143 995 4197; x_wconf 92' lang='lat' dir='ltr'>De</span> <span class='ocrx_word' id='word_1_357' title='bbox 1014 4141 1115 4198; x_wconf 88' lang='lat' dir='ltr'>Genesi</span> <span class='ocrx_word' id='word_1_358' title='bbox 1134 4153 1231 4198; x_wconf 90' lang='lat' dir='ltr'>contra</span> <span class='ocrx_word' id='word_1_359' title='bbox 1245 4143 1437 4208; x_wconf 87' lang='lat' dir='ltr'>Manichaeos,</span> 
     </span>
     <span class='ocr_line' id='line_1_39' title="bbox 289 4223 1438 4296; baseline 0.002 -18"><span class='ocrx_word' id='word_1_360' title='bbox 289 4226 335 4280; x_wconf 90' lang='lat' dir='ltr'>lib.</span> <span class='ocrx_word' id='word_1_361' title='bbox 347 4223 365 4278; x_wconf 91' lang='lat' dir='ltr'>i.</span> <span class='ocrx_word' id='word_1_362' title='bbox 379 4242 439 4295; x_wconf 88' lang='lat' dir='ltr'>cap.</span> <span class='ocrx_word' id='word_1_363' title='bbox 456 4237 497 4294; x_wconf 80' lang='lat'>15.</span> <span class='ocrx_word' id='word_1_364' title='bbox 534 4226 629 4280; x_wconf 90' lang='lat' dir='ltr'>Bacon</span> <span class='ocrx_word' id='word_1_365' title='bbox 652 4237 732 4280; x_wconf 89' lang='lat' dir='ltr'>notes</span> <span class='ocrx_word' id='word_1_366' title='bbox 754 4225 775 4280; x_wconf 90' lang='lat' dir='ltr'>it</span> <span class='ocrx_word' id='word_1_367' title='bbox 792 4227 852 4280; x_wconf 92' lang='lat' dir='ltr'>also</span> <span class='ocrx_word' id='word_1_368' title='bbox 871 4225 899 4280; x_wconf 88' lang='lat' dir='ltr'>in</span> <span class='ocrx_word' id='word_1_369' title='bbox 917 4226 965 4280; x_wconf 91' lang='lat' dir='ltr'>the</span> <span class='ocrx_word' id='word_1_370' title='bbox 984 4227 1137 4296; x_wconf 86' lang='lat' dir='ltr'>Fragment</span> <span class='ocrx_word' id='word_1_371' title='bbox 1155 4225 1273 4280; x_wconf 89' lang='lat' dir='ltr'>entitled</span> <span class='ocrx_word' id='word_1_372' title='bbox 1291 4226 1393 4282; x_wconf 85' lang='lat' dir='ltr'>‘Calor</span> <span class='ocrx_word' id='word_1_373' title='bbox 1410 4237 1438 4281; x_wconf 90' lang='lat' dir='ltr'>et</span> 
     </span>
     <span class='ocr_line' id='line_1_40' title="bbox 290 4307 825 4380; baseline 0.004 -18"><span class='ocrx_word' id='word_1_374' title='bbox 290 4309 404 4379; x_wconf 85' lang='lat' dir='ltr'>Frigus&#39;</span> <span class='ocrx_word' id='word_1_375' title='bbox 417 4307 464 4376; x_wconf 88' lang='lat' dir='ltr'>(E.</span> <span class='ocrx_word' id='word_1_376' title='bbox 477 4309 533 4363; x_wconf 93' lang='lat' dir='ltr'>and</span> <span class='ocrx_word' id='word_1_377' title='bbox 547 4311 584 4376; x_wconf 87' lang='grc'>5.,</span> <span class='ocrx_word' id='word_1_378' title='bbox 598 4310 651 4363; x_wconf 91' lang='lat' dir='ltr'>vol.</span> <span class='ocrx_word' id='word_1_379' title='bbox 664 4308 702 4363; x_wconf 90' lang='lat' dir='ltr'>iii.</span> <span class='ocrx_word' id='word_1_380' title='bbox 715 4326 743 4380; x_wconf 93' lang='lat' dir='ltr'>p.</span> <span class='ocrx_word' id='word_1_381' title='bbox 751 4309 825 4378; x_wconf 82' lang='lat'>645).</span> 
     </span>
    </p>

    <p class='ocr_par' dir='ltr' id='par_1_9' title="bbox 445 4389 1199 4548">
     <span class='ocr_line' id='line_1_41' title="bbox 445 4389 1199 4463; baseline 0.001 -19"><span class='ocrx_word' id='word_1_382' title='bbox 445 4389 467 4422; x_wconf 56' lang='grc' dir='ltr'>τ’</span> <span class='ocrx_word' id='word_1_383' title='bbox 501 4391 534 4444; x_wconf 85' lang='lat' dir='ltr'>&#39;ll</span> <span class='ocrx_word' id='word_1_384' title='bbox 553 4393 599 4458; x_wconf 79' lang='grc' dir='ltr'>μὲν</span> <span class='ocrx_word' id='word_1_385' title='bbox 616 4389 656 4463; x_wconf 76' lang='grc' dir='ltr'>ἄρ’</span> <span class='ocrx_word' id='word_1_386' title='bbox 674 4393 709 4448; x_wconf 80' lang='lat' dir='ltr'>ibe</span> <span class='ocrx_word' id='word_1_387' title='bbox 726 4389 828 4447; x_wconf 70' lang='lat' dir='ltr'>eineder&#39;</span> <span class='ocrx_word' id='word_1_388' title='bbox 844 4389 923 4461; x_wconf 74' lang='grc' dir='ltr'>ἆνίβη</span> <span class='ocrx_word' id='word_1_389' title='bbox 941 4395 1089 4461; x_wconf 68' lang='grc' dir='ltr'>γλαυκῶπις</span> <span class='ocrx_word' id='word_1_390' title='bbox 1106 4391 1199 4462; x_wconf 74' lang='grc' dir='ltr'>Ἀθήνη</span> 
     </span>
     <span class='ocr_line' id='line_1_42' title="bbox 501 4474 1183 4548; baseline 0.003 -19"><span class='ocrx_word' id='word_1_391' title='bbox 501 4474 673 4546; x_wconf 53' lang='grc' dir='ltr'>Οὔλυμπόιςδζ</span> <span class='ocrx_word' id='word_1_392' title='bbox 692 4475 733 4531; x_wconf 80' lang='grc' dir='ltr'>ὅθι</span> <span class='ocrx_word' id='word_1_393' title='bbox 752 4477 822 4547; x_wconf 79' lang='grc' dir='ltr'>φασὶ</span> <span class='ocrx_word' id='word_1_394' title='bbox 839 4475 904 4531; x_wconf 79' lang='grc' dir='ltr'><strong><em>θεῶν</em></strong></span> <span class='ocrx_word' id='word_1_395' title='bbox 921 4477 979 4533; x_wconf 76' lang='grc' dir='ltr'>ἕδος</span> <span class='ocrx_word' id='word_1_396' title='bbox 996 4477 1118 4548; x_wconf 73' lang='grc' dir='ltr'>ἀσφαλὲς</span> <span class='ocrx_word' id='word_1_397' title='bbox 1135 4476 1183 4531; x_wconf 82' lang='lat' dir='ltr'>olel</span> 
     </span>
    </p>
   </div>
   <div class='ocr_carea' id='block_1_4' title="bbox 0 0 1676 5152">
    <p class='ocr_par' dir='ltr' id='par_1_10' title="bbox 0 0 1676 5152">
     <span class='ocr_line' id='line_1_43' title="bbox 0 0 1676 5152; baseline 0 0"><span class='ocrx_word' id='word_1_398' title='bbox 0 0 1676 5152; x_wconf 95' lang='lat' dir='ltr'> </span> 
     </span>
    </p>
   </div>
  </div>
 </body>
</html>
