3250 5138
471 351 537 434 580
836 353 1230 412 wovuvoroarvurr.

471 525 578 608 prima
595 523 724 588 videtur
744 519 813 584 lieri
832 542 891 605 per
909 519 1153 585 contrusionem
1174 519 1418 604 simplicem
1454 557 1455 574 .

470 637 580 712 potest
599 627 641 690 ad
665 625 862 690 densitatem
880 633 1085 688 constantem
1104 621 1271 707 (resiliunt
1297 625 1416 688 enirn
1445 645 1455 686 c

470 729 681 794 nihilominus
704 729 788 792 torte
811 749 862 791 res
879 727 1048 792 auxiliaris
1068 747 1140 791 esse
1162 736 1278 809 queat.
1349 727 1455 790 Secu

471 835 730 898 contractionem
747 833 890 915 partium
906 831 1101 896 crassiorum
1118 831 1151 892 in
1167 851 1317 914 corpore
1337 831 1453 914 aliqu

471 939 627 1002 lationem
650 947 706 1000 aut
727 937 855 1000 exitum
878 935 1022 1018 partium
1047 936 1243 1010 tenuiorum,
1265 945 1308 998 ut
1341 935 1390 998 frt
1420 936 1455 998 in

471 1043 568 1106 nibus
592 1061 650 1124 por
675 1041 793 1122 ignem,
818 1047 851 1102 et
876 1039 1023 1122 repetitis
1054 1039 1326 1103 extinctionibus
1365 1050 1455 1100 met.

469 1145 642 1210 similibus.
686 1142 800 1206 Tertia
823 1141 861 1206 fit
883 1162 942 1226 per
962 1142 1139 1206 coitionem
1162 1142 1316 1225 partium
1347 1141 1455 1204 homi

470 1256 656 1331 quaesunt
685 1246 832 1309 maxime
861 1245 988 1310 solidae
1017 1246 1049 1308 in
1080 1265 1217 1328 corpore
1246 1245 1389 1328 aliquo,
1422 1255 1455 1308 at

470 1352 597 1416 lucrant
622 1352 806 1426 distractae,
833 1360 966 1414 etcum
996 1350 1104 1412 minus
1133 1349 1247 1414 solidis
1276 1351 1455 1412 commist

470 1457 502 1520 in
519 1455 727 1520 restitutione
748 1452 896 1516 mercurii
917 1453 1095 1526 sublimati,
1111 1453 1167 1535 qui
1191 1453 1224 1515 in
1244 1452 1402 1534 pulvere
1422 1452 1455 1514 lo

472 1567 612 1641 occupat
628 1558 772 1640 spatium
788 1576 888 1638 quam
904 1557 1084 1621 mercurius
1099 1555 1253 1639 simplex,
1268 1565 1305 1619 et
1323 1555 1455 1618 similit

471 1662 704 1746 repurgatione
728 1660 938 1724 metallorum
958 1681 979 1724 a
1000 1661 1114 1724 scoriis
1136 1660 1212 1724 suis.
1260 1659 1401 1742 Quarta
1426 1659 1455 1722 fii

470 1786 585 1830 sensus
596 1765 630 1840 ¹⁹,
642 1765 850 1827 admovendo
862 1784 948 1846 quae
964 1785 1008 1828 ex
1019 1765 1052 1827 vi
1065 1783 1241 1848 corporum
1257 1764 1398 1828 occulta
1416 1784 1455 1825 co

471 1869 527 1950 qui
548 1887 727 1931 consensus
745 1867 854 1930 adhuc
871 1887 945 1932 raro
963 1888 998 1930 se
1019 1867 1217 1944 ostendunt;
1240 1867 1335 1949 quod
1354 1867 1455 1928 mirur

471 1981 529 2044 est,
548 1971 705 2053 quoniam
729 1981 907 2052 antequam
931 1971 1076 2035 inventio
1096 1971 1250 2034 succedat
1275 1969 1455 2033 formarun

471 2076 709 2150 matismorum,
734 2074 777 2138 de
803 2075 1014 2156 inquisitione
1040 2093 1259 2138 consensuum
1287 2093 1355 2138 non
1384 2073 1455 2136 mul

470 2180 609 2242 randum
637 2187 697 2242 est.
744 2177 843 2242 Certe
867 2179 978 2260 quoad
1002 2198 1142 2260 corpora
1167 2176 1371 2250 animalium,
1395 2179 1455 2241 rlul

470 2295 518 2348 est
534 2285 613 2366 quin
628 2283 694 2347 sint
710 2281 896 2365 complures
916 2283 1106 2358 medicinae,
1121 2291 1190 2346 tam
1210 2281 1345 2344 interius
1360 2301 1455 2363 quarn

470 2400 631 2471 sumptae,
649 2408 735 2469 quae
756 2387 961 2450 condensant
980 2397 1141 2468 tanquam
1165 2406 1224 2466 per
1244 2405 1446 2453 consensum,

471 2503 547 2556 ante
565 2491 721 2554 diximus.
767 2489 833 2554 Sed
850 2491 882 2553 in
899 2489 1085 2554 inanimatis
1100 2510 1172 2555 rara
1190 2499 1241 2554 est
1255 2489 1443 2570 hujusmodi

473 2595 661 2659 Percrebuit
684 2613 771 2667 sane,
791 2602 860 2657 tam
883 2594 1012 2676 scriptis
1034 2615 1134 2676 quam
1157 2595 1254 2667 lama,
1273 2593 1411 2658 narratio
1434 2595 1455 2656 d

471 2700 502 2762 in
526 2719 591 2763 una
617 2719 660 2761 ex
688 2697 799 2761 insulis
825 2698 893 2760 sive
912 2698 1063 2762 Terceris
1072 2699 1100 2735 ²⁰
1124 2699 1192 2762 sive
1217 2696 1359 2762 Canariis
1379 2692 1454 2780 (neq

470 2803 556 2866 bene
586 2798 743 2886 memini),
771 2821 855 2882 quae
885 2812 1045 2884 perpetuo
1074 2801 1196 2877 stillat3
1225 2801 1307 2864 adeo
1335 2811 1369 2864 ut
1397 2801 1455 2864 inh

469 2908 532 2971 bus
552 2906 745 2970 nonnullam
766 2907 1039 2970 commoditatem
1060 2925 1166 2986 aquae
1182 2903 1330 2986 praebeat
1342 2901 1373 2965 ²¹.
1417 2906 1455 2968 Pa

505 3115 526 3146 ¹⁹
544 3117 618 3171 That
632 3116 664 3182 is,
677 3116 860 3186 sympathies.

504 3197 526 3229 ²⁰
546 3201 617 3252 Now
630 3199 718 3253 called
732 3200 778 3253 the
792 3201 903 3254 Azores.

502 3279 523 3311 ²¹
543 3281 1455 3352 ‘ThiswonderlultreeisdescribedinJonston'sDendrographia,p

467 3375 496 3419 at
510 3364 659 3418 Franklort
674 3363 701 3417 in
717 3365 794 3431 1669.
831 3365 884 3418 See
898 3365 973 3418 book
991 3366 1038 3419 the
1056 3367 1144 3431 tenth,
1161 3383 1184 3421 c
1202 3381 1227 3433 4.
1263 3367 1320 3420 One
1335 3365 1362 3420 of
1373 3365 1415 3420 the
1428 3382 1455 3418 au

468 3449 505 3502 he
521 3446 607 3501 refers
626 3457 655 3500 to
674 3446 697 3500 is
718 3447 829 3500 Cardan
849 3447 906 3515 (De
925 3447 1020 3502 variet.
1040 3449 1153 3516 rerum),
1173 3449 1245 3503 from
1263 3448 1342 3502 whom
1359 3459 1400 3502 not
1418 3449 1455 3520 im]

468 3533 564 3584 Bacon
579 3529 691 3583 derived
704 3529 752 3584 the
770 3540 853 3598 story.
890 3531 952 3584 The
970 3541 1027 3586 tree
1045 3532 1068 3585 is
1086 3533 1147 3587 said
1163 3543 1192 3588 to
1208 3534 1244 3588 be
1260 3532 1334 3588 found
1348 3533 1372 3587 in
1389 3533 1429 3587 the
1447 3533 1453 3584 i

468 3615 562 3667 Ferro.
600 3613 720 3678 (jarden,
739 3612 802 3666 with
820 3629 896 3668 more
914 3615 982 3667 than
1003 3616 1080 3669 usual
1099 3617 1220 3682 cautiori,
1240 3617 1355 3684 remarks,
1366 3625 1390 3670 at
1405 3617 1445 3670 the

467 3697 515 3750 the
528 3707 645 3750 account
658 3695 694 3750 he
711 3695 788 3764 gives
805 3697 834 3750 ol
850 3695 889 3752 it:
910 3696 991 3751 “Sed
1009 3709 1157 3768 postquam
1175 3700 1228 3754 hoc
1245 3709 1281 3754 tot
1297 3699 1419 3769 scriptores
1433 3703 1455 3752 al

466 3779 524 3834 fieri
537 3789 630 3848 potest
644 3790 673 3834 ut
685 3780 740 3834 tale
753 3778 857 3850 aliquid
870 3779 1021 3849 contingat,
1035 3781 1085 3835 sed
1096 3782 1197 3837 modus
1208 3782 1320 3836 nondum
1329 3793 1455 3852 perspectu

467 3865 511 3918 De
523 3880 616 3917 rerum
629 3861 725 3917 variet.
738 3862 773 3917 vi.
787 3881 810 3917 c
825 3863 876 3916 η’
916 3865 971 3917 Mr.
984 3863 1061 3917 Ellis'
1072 3875 1147 3920 note.
1186 3867 1241 3920 Mr.
1258 3865 1316 3920 Ellis
1329 3865 1438 3934 prooeeds
1454 3881 1455 3912 1

466 3957 495 4000 to
508 3945 652 4000 Ramusio.
691 3945 746 4000 His
758 3947 906 4013 reference,
920 3946 1057 4013 however,
1072 3947 1095 4001 is
1108 3948 1262 4017 altogether
1272 3946 1412 4016 misleading.
1438 3949 1455 4001 T

468 4045 521 4084 one
542 4029 565 4082 is
583 4039 613 4083 to
632 4028 731 4084 ‘Della
751 4029 877 4085 Historia
896 4031 977 4085 Delle
998 4029 1086 4098 lndie,
1104 4031 1174 4086 libro
1194 4029 1230 4098 ii,’
1249 4031 1274 4086 in
1290 4031 1403 4096 Ramusiq
1419 4035 1455 4085 vol

504 4195 622 4248 Bacon's
636 4205 753 4248 account
771 4195 803 4248 of
817 4195 873 4249 this
890 4205 947 4250 tree
965 4195 988 4251 is
1005 4197 1181 4266 remarkably
1194 4198 1300 4265 modest,
1315 4215 1340 4253 as
1354 4215 1455 4267 compare

467 4279 527 4331 that
540 4275 631 4331 which
644 4276 756 4330 Cardan
769 4289 884 4347 reports.
911 4281 956 4334 He
967 4297 1050 4350 says:
1070 4280 1077 4307 ‘
1088 4280 1167 4334 Circa
1178 4281 1296 4336 arborem
1303 4281 1388 4350 singulo
1395 4298 1455 4336 mane

466 4360 569 4414 nebula
582 4358 725 4427 colligitur,
739 4377 810 4429 quae
829 4361 857 4414 in
874 4378 977 4431 aquarn
994 4380 1075 4418 versa
1091 4381 1147 4418 non
1166 4365 1256 4419 solum
1270 4364 1399 4432 hominibus,
1413 4365 1451 4419 sed

466 4445 569 4501 mentis
581 4455 609 4500 et
622 4445 768 4516 pecoribus
781 4447 931 4504 satisfacit!
