3342 5152
710 425 789 480 LIB.
813 426 854 482 Il.
879 437 928 504 23.
1308 443 1373 510 419

224 585 300 652 huic
331 588 383 664 rei,
414 608 472 673 per
503 589 698 654 exclusivam
731 588 879 672 legitime
913 592 1042 668 iactam,
1072 594 1165 658 iacile
1198 596 1374 662 adhibetur

224 693 405 757 remedium
416 691 454 754 ⁴³.

269 796 525 879 Proponendum
535 797 647 881 itaque
659 809 708 862 est
717 798 786 880 jam
797 799 987 882 exemplum
999 804 1177 867 instantiae
1187 805 1372 886 migrantis.

225 897 277 964 Sit
300 911 417 964 natura
440 901 595 984 inquisita
619 902 752 967 Candor
773 903 842 966 sive
862 903 1015 969 Albedo:
1039 906 1202 970 instantia
1223 908 1373 990 migrans

223 1005 266 1067 ad
282 1005 528 1087 generationem
548 1017 598 1070 est
613 1006 733 1071 vitrum
754 1007 917 1089 integrum
936 1019 969 1072 et
984 1009 1106 1072 vitrum
1122 1011 1370 1093 pulverizatum.

224 1106 391 1184 Similiter,
407 1129 493 1190 aqua
508 1110 652 1194 simplex
673 1121 705 1174 et
727 1131 813 1192 aqua
831 1111 956 1192 agitata
977 1113 1009 1175 in
1029 1133 1192 1197 spumam.
1236 1114 1371 1181 Vitrum

223 1213 310 1275 enim
332 1213 495 1295 integrum
519 1224 552 1278 et
571 1234 659 1297 aqua
681 1213 826 1296 simplex
845 1214 1012 1298 diaphana
1032 1227 1117 1292 sunt,
1134 1238 1198 1281 non
1217 1217 1313 1298 alba;
1337 1229 1372 1285 at

222 1316 343 1379 vitrum
368 1317 606 1398 pulverizatum
629 1328 663 1382 et
685 1338 771 1400 aqua
795 1318 827 1381 in
851 1339 977 1401 spuma,
1000 1319 1085 1399 alba,
1108 1341 1173 1386 non
1195 1323 1370 1406 diaphana.

224 1419 342 1502 Itaque
356 1423 581 1502 quaerendum
596 1422 674 1504 quid
691 1422 845 1486 acciderit
861 1443 904 1485 ex
924 1424 986 1486 ista
1005 1425 1199 1505 migratione
1214 1426 1299 1491 vitro
1314 1437 1371 1490 aut

222 1543 328 1606 aquae
338 1521 376 1588 ⁴⁴.
423 1524 635 1588 Manifestum
659 1526 747 1588 enim
774 1536 824 1589 est
849 1524 990 1590 sormam
1017 1527 1175 1592 albedinis
1199 1530 1314 1594 deferri
1338 1542 1371 1595 et

222 1626 329 1692 invehi
345 1649 404 1711 per
416 1627 513 1692 istam
530 1630 756 1693 contusionem
768 1629 843 1693 vitri
859 1641 892 1694 et
904 1631 1119 1713 agitationem
1131 1653 1246 1714 aquae.
1278 1633 1370 1698 Nihil

221 1741 333 1795 autem
361 1733 521 1815 reperitur
546 1733 728 1810 accessisse,
752 1743 882 1815 praeter
905 1735 1198 1799 comminutionem
1226 1739 1369 1819 partium

221 1835 295 1898 vitri
315 1845 349 1900 et
372 1856 486 1918 aquae,
502 1845 536 1900 et
552 1838 635 1900 aeris
656 1837 876 1901 insertionem.
922 1838 1039 1921 Neque
1059 1859 1136 1902 vero
1157 1860 1274 1921 parum
1293 1861 1369 1922 pro-

221 1938 344 2003 iectum
368 1951 417 2004 est
440 1941 483 2005 ad
506 1941 734 2006 inveniendam
759 1941 900 2004 sormam
927 1940 1098 2020 albedinis,
1118 1945 1208 2024 quod
1232 1963 1370 2027 corpora

221 2045 289 2108 duo
304 2062 363 2125 per
374 2065 409 2107 se
424 2044 599 2126 diaphana,
609 2045 667 2108 sed
679 2045 859 2108 secundum
876 2046 981 2128 magis
997 2055 1031 2109 et
1044 2046 1150 2110 minus
1165 2042 1236 2130 (adr
1247 2047 1370 2113 scilicet

222 2157 255 2210 et
271 2169 365 2230 aqua,
382 2156 439 2211 aut
454 2155 510 2212 ae'r
525 2159 559 2213 et
570 2147 716 2235 vitrum),
728 2147 825 2212 simul
843 2149 952 2232 posita
968 2170 1026 2233 per
1043 2150 1186 2213 minutas
1202 2153 1371 2233 portiones

221 2251 400 2316 exhibeant
421 2251 617 2331 albedinem,
639 2274 698 2337 per
720 2253 946 2317 refractionem
972 2251 1179 2335 inaequalem
1203 2255 1369 2320 radiorum

221 2354 347 2420 lucis⁴⁵.

263 2459 388 2524 Verum
405 2460 467 2525 hac
484 2461 515 2523 in
531 2482 564 2525 re
580 2463 830 2544 proponendum
846 2471 897 2525 est
912 2461 1011 2525 etiam
1028 2461 1218 2545 exemplum
1235 2463 1369 2546 periculi

220 2576 253 2629 ct
269 2565 437 2641 cautionis,
453 2567 495 2629 de
511 2566 630 2647 quibus
650 2565 804 2631 diximus.
850 2566 1015 2629 Nimirum
1037 2565 1132 2630 iacile
1151 2565 1203 2630 hic
1221 2579 1368 2631 occurret

221 2667 399 2733 intellectui
419 2669 461 2732 ab
480 2669 670 2752 hujusmodi
690 2670 904 2735 efficientibus
926 2672 1118 2752 depravato,
1134 2670 1223 2751 quod
1242 2671 1284 2734 ad
1305 2670 1370 2735 ior-

222 2792 310 2836 mam
329 2773 489 2836 albedinis
510 2780 566 2836 aer
583 2794 715 2857 semper
738 2774 930 2856 requiratur,
946 2783 1004 2836 aut
1027 2773 1115 2857 quod
1131 2771 1251 2838 albedo
1269 2794 1368 2856 gene-

222 2886 310 2941 retur
328 2886 458 2940 tantum
477 2897 535 2960 per
553 2897 692 2961 corpora
714 2877 900 2960 diaphana;
923 2898 1008 2961 quae
1031 2877 1166 2940 omnino
1184 2877 1266 2942 falsa
1284 2889 1370 2956 sunt,

256 3182 277 3214 ¹³
296 3184 358 3239 The
370 3183 450 3238 effect
469 3181 528 3252 (the
545 3183 673 3238 ‘nature’
691 3182 845 3252 exhibiting
860 3182 908 3237 the
925 3180 1040 3250 ‘ionn'l
1057 3182 1110 3236 will
1127 3182 1201 3237 often
1219 3181 1255 3238 be
1272 3183 1369 3250 found,

222 3268 313 3323 where
325 3268 373 3322 the
385 3266 507 3321 efficient
520 3283 604 3322 cause
616 3268 669 3321 has
682 3267 783 3321 ceased
797 3277 827 3320 to
843 3275 964 3336 operate.
1003 3267 1110 3333 Hence,
1127 3267 1165 3335 by
1182 3267 1230 3321 the
1249 3267 1367 3322 Method

220 3351 251 3406 oi
268 3349 429 3417 Exclusion,
450 3351 498 3405 the
519 3351 590 3404 iorm
612 3351 669 3405 and
692 3349 726 3405 its
748 3348 867 3405 efficient
889 3366 954 3420 may
974 3350 1010 3403 be
1030 3348 1243 3419 distinguished.
1279 3351 1368 3419 Thus,

220 3435 287 3504 long
303 3434 375 3490 aiter
392 3451 433 3488 we
452 3434 524 3488 have
543 3432 644 3488 ceased
663 3443 692 3487 to
709 3433 794 3503 apply
806 3431 927 3502 iriction,
939 3451 957 3488 a
976 3433 1052 3504 body
1063 3450 1129 3503 may
1141 3433 1248 3488 remain
1267 3434 1369 3491 heated

220 3518 331 3587 beyond
345 3517 380 3572 its
393 3515 524 3586 ordinary
536 3525 730 3587 temperature.

255 3599 277 3631 ⁴⁴
296 3601 367 3656 This
380 3601 577 3671 phenomenon
590 3599 677 3655 arises
690 3599 761 3654 from
773 3600 821 3654 the
833 3609 910 3669 great
923 3599 1041 3654 number
1053 3599 1084 3654 of
1091 3598 1236 3668 reflecting
1248 3599 1369 3656 suriaces

221 3683 311 3738 which
332 3701 416 3740 cause
437 3702 455 3738 a
473 3701 540 3754 very
557 3684 643 3738 much
664 3683 755 3752 larger
773 3681 934 3754 proportion
953 3682 984 3736 oi
998 3682 1068 3751 light
1087 3692 1116 3737 to
1135 3683 1171 3738 be
1189 3683 1320 3738 reflected
1338 3701 1370 3739 or

220 3768 360 3823 scattered
372 3769 441 3822 than
455 3767 641 3823 transmitted.
678 3767 805 3821 Another
822 3766 896 3836 good
916 3766 1042 3821 instance
1061 3766 1093 3819 oi
1106 3766 1154 3821 the
1172 3767 1369 3835 phenomenon

220 3850 243 3906 is
257 3861 286 3906 to
303 3853 339 3906 be
356 3869 422 3906 seen
440 3850 468 3905 in
484 3851 534 3906 the
550 3852 676 3922 globules
693 3850 724 3904 oi
737 3849 901 3920 turpentine,
914 3849 996 3902 when
1013 3847 1105 3903 mixed
1124 3849 1190 3914 with
1210 3860 1294 3904 water
1311 3849 1369 3905 and

218 3935 325 3989 shaken
339 3933 367 3989 in
379 3952 397 3988 a
408 3935 503 3990 bottle.

255 4015 277 4047 ⁴⁵
296 4021 322 4073 lt
345 4019 368 4072 is
391 4029 439 4073 not
460 4027 490 4072 to
508 4019 557 4074 the
576 4017 695 4088 unequal
713 4015 863 4072 refraction
881 4014 913 4069 oi
927 4015 976 4069 the
994 4030 1059 4082 rays
1077 4013 1109 4068 oi
1124 4012 1194 4082 light
1213 4013 1242 4066 in
1261 4015 1310 4069 the
1327 4015 1369 4070 air

219 4101 277 4156 and
290 4111 382 4168 water,
402 4119 434 4156 or
452 4101 495 4156 air
512 4101 569 4155 and
588 4101 674 4171 glass,
693 4117 725 4155 as
745 4101 794 4155 the
815 4115 880 4154 case
900 4115 965 4166 may
985 4096 1029 4162 be,
1048 4097 1099 4150 but
1119 4107 1148 4150 to
1168 4095 1215 4150 the
1235 4097 1368 4166 repeated

220 4185 350 4240 reflexion
372 4185 443 4239 from
465 4201 497 4239 so
519 4201 605 4254 many
626 4184 756 4250 suriaces,
776 4201 808 4238 as
830 4180 944 4252 pointed
964 4190 1012 4234 out
1031 4179 1059 4233 in
1078 4179 1126 4233 the
1143 4179 1196 4233 last
1214 4189 1289 4246 note,
1307 4180 1368 4235 that

218 4269 267 4323 the
289 4269 485 4339 phenomenon
507 4267 539 4323 oi
557 4266 706 4322 whiteness
725 4266 749 4322 is
768 4267 830 4321 due.
867 4265 938 4319 This
956 4263 1095 4329 reflexion,
1114 4261 1145 4316 oi
1160 4278 1267 4330 course,
1286 4263 1367 4317 could

218 4367 267 4410 not
289 4356 355 4412 take
377 4357 465 4426 place,
487 4357 581 4411 unless
604 4355 652 4410 the
673 4355 802 4426 partides
823 4370 893 4408 were
914 4350 1007 4406 mixed
1027 4350 1091 4405 with
1113 4349 1162 4404 air.
1201 4351 1226 4403 lt
1245 4367 1311 4418 may
1332 4351 1367 4405 be

219 4440 306 4495 worth
318 4440 426 4509 adding
441 4440 503 4495 that
520 4441 615 4494 Bacon
632 4439 738 4494 notices
754 4437 803 4493 the
818 4438 995 4508 phenomena
1010 4434 1041 4488 ol
1056 4430 1226 4501 Relraction,
1239 4435 1368 4504 properly

219 4540 251 4578 so
263 4524 362 4593 called,
375 4523 403 4578 in
417 4523 502 4594 Sylva
516 4523 673 4594 Sylvarum,
686 4523 771 4594 Exps.
785 4521 845 4588 761,
859 4520 920 4587 762.

749 4623 842 4674 ΕΗ
