3280 5238
308 425 373 498 530
686 417 843 474 tvothM
862 416 1081 474 ORGANUM.

308 581 499 670 praesertim
520 581 553 648 in
571 592 641 648 tarn
663 583 765 648 vastis
782 582 975 667 corporibus
995 581 1107 664 qualia
1126 589 1204 644 sunt
1223 577 1383 644 balaenae
1402 587 1462 642 aut

310 687 487 772 elephanti,
505 696 635 752 tantam
656 687 781 751 molem
803 705 996 770 corpoream
1019 685 1166 751 flecteret
1188 694 1222 750 et
1242 694 1380 768 regeret,
1399 683 1462 746 nisi

309 804 445 877 propter
459 791 667 858 velocitatem
686 802 798 857 motus
815 791 957 874 spiritus,
972 801 1007 855 et
1026 789 1263 855 hebetudinem
1283 807 1464 871 corporeae

311 897 416 974 molis,
431 906 595 978 quatenus
609 896 651 960 ad
668 896 912 980 expediendam
928 915 1022 960 suam
1039 894 1266 958 resistentiam.

355 1001 519 1083 Denique,
536 1000 601 1065 hoc
623 1021 723 1064 unum
747 1021 792 1064 ex
815 999 1000 1084 praecipuis
1020 999 1243 1064 fundamentis
1262 1005 1314 1063 ost
1332 993 1466 1079 experi-

312 1116 498 1170 mentorum
515 1104 726 1188 magicorum,
741 1105 784 1169 de
803 1105 924 1187 quibus
942 1125 1023 1168 mox
1041 1101 1246 1180 dicemus⁴⁸;
1269 1103 1325 1166 ubi
1339 1101 1466 1166 scilicet

312 1229 414 1294 parva
435 1208 538 1274 moles
559 1209 715 1272 materiae
738 1210 835 1290 longe
858 1207 1018 1290 majorem
1042 1218 1177 1292 superat
1199 1217 1233 1272 et
1255 1207 1289 1270 in
1311 1206 1467 1272 ordinem

313 1314 449 1397 redigit:
479 1313 553 1390 hoc,
576 1313 721 1396 inquam,
743 1314 771 1378 si
797 1311 866 1377 fieri
889 1314 994 1396 possit
1018 1313 1200 1376 anteversio
1227 1321 1379 1376 motuum
1404 1329 1469 1394 per

313 1417 524 1482 velocitatem
539 1417 645 1491 unius,
660 1427 838 1500 antequam
854 1417 937 1480 alter
952 1437 988 1482 se
1003 1417 1169 1500 expediat.

359 1521 540 1596 Postremo,
563 1521 627 1586 hoc
657 1520 765 1604 ipsum
787 1521 894 1584 Prius
919 1529 953 1585 et
974 1521 1146 1584 Posterius
1167 1519 1200 1583 in
1223 1519 1313 1585 omni
1335 1519 1470 1584 actione

315 1625 455 1690 naturali
478 1626 586 1690 notari
613 1625 734 1690 debet:
760 1625 862 1689 veluti
885 1625 977 1708 quod
1000 1625 1033 1688 in
1056 1625 1217 1689 infusione
1239 1620 1470 1688 rhabarbari⁴⁷

315 1730 464 1794 eliciatur
484 1730 657 1813 purgativa
679 1729 728 1792 vis
750 1730 849 1812 prius,
868 1730 1033 1794 astrictiva
1056 1739 1153 1814 post3
1177 1729 1285 1793 simile
1306 1729 1470 1811 quiddam

316 1834 417 1898 etiam
438 1833 471 1896 in
495 1835 655 1898 infusione
672 1835 832 1899 violarum
842 1831 870 1872 ⁴⁸
892 1836 925 1898 in
945 1847 1078 1900 acetum
1099 1835 1229 1919 experti
1253 1853 1385 1908 sumus3
1409 1831 1470 1896 ubi

317 1937 425 2019 primo
454 1939 618 2020 excipitur
647 1939 756 2004 suavis
783 1949 817 2004 et
843 1939 1003 2003 delicatus
1033 1939 1123 2003 floris
1148 1940 1250 2017 odor3
1280 1947 1364 2020 post,
1390 1957 1471 2019 pars

317 2040 408 2104 floris
431 2042 537 2124 magis
562 2053 678 2121 terrea,
702 2063 788 2124 quae
817 2044 956 2108 odorem
987 2043 1169 2108 confundit.
1226 2043 1345 2124 Itaque
1365 2042 1394 2104 si
1416 2040 1471 2103 in·

318 2145 497 2209 fundantur
519 2145 627 2209 violae
653 2167 710 2230 per
732 2147 821 2211 diern
849 2147 1024 2231 integrum,
1045 2149 1130 2212 odor
1153 2146 1258 2211 multo
1282 2144 1472 2227 languidius

319 2248 497 2331 excipitur:
531 2250 622 2332 quod
652 2250 679 2312 si
707 2250 921 2315 infundantur
950 2271 1010 2334 per
1035 2259 1162 2333 partem
1188 2259 1340 2333 quartam
1365 2247 1472 2312 horae

318 2361 459 2429 tantum,
474 2360 509 2416 et
529 2353 764 2430 extrahantur;
786 2365 819 2418 et
834 2353 927 2440 (quia
945 2375 1069 2438 paucus
1089 2364 1140 2418 est
1161 2354 1291 2438 spiritus
1310 2353 1473 2417 odoratus

319 2455 375 2539 qui
396 2457 544 2522 subsistit
566 2459 598 2521 in
613 2455 715 2542 viola)
731 2458 942 2523 infundantur
959 2469 1036 2541 post
1055 2457 1201 2540 singulas
1215 2467 1350 2540 quartas
1367 2456 1474 2520 horae

318 2558 424 2624 violae
441 2580 545 2624 novae
566 2571 601 2624 et
623 2572 769 2626 recentes
795 2563 838 2626 ad
865 2562 991 2640 sexies;
1023 2571 1094 2626 tum
1121 2561 1254 2625 demum
1278 2560 1475 2624 nobilitatur

320 2662 448 2740 infusio,
464 2664 509 2728 ita
525 2675 570 2740 ut,
586 2664 661 2729 licet
682 2687 748 2729 non
766 2666 945 2730 manserint
962 2667 1077 2743 violae,
1098 2675 1265 2748 utcunque
1284 2674 1472 2739 renovatae,

320 2766 396 2851 plus
419 2788 519 2850 quam
543 2769 586 2831 ad
613 2771 850 2852 sesquihoram,
872 2781 984 2835 tamen
1010 2771 1224 2854 permanserit
1248 2771 1331 2835 odor
1353 2769 1474 2852 gratis-

321 2871 431 2950 simus,
466 2882 498 2934 et
535 2871 623 2936 viola
662 2875 733 2956 ipsa
773 2893 840 2938 non
879 2874 1019 2948 inferior,
1055 2875 1099 2938 ad
1137 2894 1260 2938 annum
1298 2874 1473 2956 integrum.
1519 2883 1531 2894 ·

321 2975 517 3040 Notandum
542 2984 653 3040 tamen
679 2987 738 3051 est,
765 2977 855 3059 quod
886 2999 952 3042 non
982 2999 1018 3042 se
1046 2977 1180 3062 colligat
1211 2977 1293 3041 odor
1319 2978 1362 3041 ad
1388 2977 1476 3040 vires

322 3099 397 3144 suas
413 3079 535 3160 plenas,
547 3081 608 3144 nisi
624 3091 701 3164 post
717 3100 863 3145 mensem
879 3081 923 3146 ab
939 3081 1112 3146 infusione.
1151 3082 1190 3147 In
1203 3081 1476 3146 distillationibus

321 3203 399 3246 vero
416 3195 602 3248 aromatum
627 3195 865 3250 maceratorum
884 3185 917 3250 in
933 3187 1049 3269 spiritu
1064 3185 1130 3249 vini
1147 3193 1240 3270 patet
1255 3186 1345 3268 quod
1360 3195 1475 3267 surgat

322 3287 430 3369 primo
450 3287 605 3370 phlegma
629 3309 772 3371 aqueum
796 3299 830 3354 et
854 3290 977 3369 inutile,
1000 3291 1120 3355 deinde
1143 3312 1230 3374 aqua
1252 3291 1327 3374 plus
1349 3289 1477 3353 habeus

322 3411 367 3455 ex
394 3391 508 3472 spiritu
533 3393 610 3469 vini,
633 3394 753 3458 deinde
780 3403 855 3477 post
881 3415 969 3477 aqua
995 3394 1068 3477 plus
1091 3394 1218 3459 habens
1245 3415 1289 3458 ex
1315 3404 1477 3459 aromate.

323 3493 439 3576 Atque
462 3493 560 3576 hujus
583 3498 713 3577 generis
735 3498 982 3580 quamplurima
1004 3497 1210 3561 inveniuntur
1233 3498 1265 3560 in
1288 3497 1477 3562 distillatio·

324 3597 420 3662 nibus
435 3607 550 3662 notatu
567 3600 677 3682 digna.
722 3601 846 3665 Verum
862 3601 944 3666 haec
959 3601 1121 3666 sufficiant
1135 3602 1179 3666 ad
1193 3600 1360 3684 exempla.

827 3848 974 3913 XLVII.

370 3986 461 4050 Inter
483 3987 736 4068 praerogativas
765 3987 1003 4050 instantiarum
1035 4005 1195 4069 ponemus
1223 3983 1299 4050 loco
1321 3987 1480 4051 vicesimo

324 4092 422 4155 tertio
444 4091 628 4155 Instantius
651 4090 785 4170 Quanti,
802 4111 885 4174 quas
906 4091 1008 4155 etiam
1028 4089 1132 4155 Doses
1153 4090 1309 4154 Naturae
1330 4087 1481 4175 (sumpto

539 4341 562 4374 ⁴⁸
579 4345 634 4398 See
647 4344 721 4414 Aph.
735 4357 777 4414 5¹·

539 4423 561 4456 ⁴⁷
579 4427 723 4482 Rhubarb.
761 4427 813 4496 Cp.
827 4426 912 4495 Sylva
925 4425 1080 4495 surarum,
1095 4426 1165 4497 Exp.
1181 4439 1221 4496 19.

539 4507 562 4540 ⁴⁸
582 4511 633 4580 Cp.
647 4511 733 4582 Sylva
746 4509 901 4580 Sylvarum‚
915 4509 986 4580 Exp.
1002 4521 1042 4578 17.
