3358 5152
689 405 768 460 rra.
791 405 815 462 1.
841 394 892 460 88.
1303 400 1366 485 289

214 569 369 630 trimenta
386 567 419 630 in
435 568 588 633 scientias
604 569 733 634 invecta
748 577 835 633 sunt.
881 568 927 633 Et
943 579 1054 633 tamen
1067 567 1171 656 (quod
1187 573 1366 655 pessimum

214 673 278 750 est)
309 671 557 756 pusillanimitas
587 675 649 738 ista
681 693 747 737 non
778 674 848 737 sine
884 675 1071 756 arrogantia
1101 685 1135 739 et
1167 675 1301 741 fastidio
1331 697 1367 740 se

214 775 320 840 offert.

258 890 405 952 Primum
432 889 527 967 enim,
556 891 701 954 omnium
729 891 848 955 artium
876 890 931 954 illa
957 893 1116 974 reperitur
1141 892 1268 958 cautela
1296 893 1365 975 jam

213 992 301 1056 sacta
322 995 498 1071 familiaris,
521 1005 557 1058 ut
580 996 612 1057 in
636 995 783 1078 qualibet
806 1005 877 1060 arte
897 995 1053 1060 authores
1074 998 1154 1062 artis
1176 1019 1254 1061 suae
1278 999 1366 1060 infir-

214 1099 364 1160 mitatem
382 1099 414 1160 in
430 1109 567 1164 naturae
587 1099 785 1164 calumniam
800 1110 951 1178 vertant3
976 1110 1010 1164 et
1029 1103 1120 1183 quod
1143 1123 1195 1165 ars
1221 1103 1365 1184 ipsorum

214 1221 279 1264 non
303 1203 495 1284 assequitur,
516 1204 548 1266 id
572 1224 616 1266 ex
634 1205 750 1268 eadem
773 1215 844 1268 arte
867 1204 1070 1287 impossibile
1094 1207 1126 1267 in
1151 1217 1268 1271 natura
1291 1227 1365 1288 pro-

213 1306 380 1369 nunciant.
427 1307 547 1388 Neque
571 1317 660 1372 certe
683 1308 832 1371 damnari
859 1317 969 1392 potest
996 1330 1056 1384 ars,
1081 1310 1108 1371 si
1135 1311 1207 1392 ipsa
1232 1309 1365 1391 judicet.

215 1409 326 1473 Etiam
353 1409 571 1493 philosophia,
600 1433 685 1494 quae
711 1412 854 1476 nuncin
881 1413 1033 1478 manibus
1059 1423 1118 1489 est,
1146 1415 1179 1477 in
1206 1415 1277 1476 sinu
1305 1436 1366 1478 suo

213 1514 322 1594 posita
347 1517 512 1596 quaedam
536 1516 634 1594 fovet,
656 1525 714 1578 aut
741 1515 871 1599 placita,
897 1517 1015 1598 quibus
1037 1513 1077 1601 (si
1105 1518 1295 1600 diligentius
1318 1519 1365 1581 in-

213 1616 374 1703 quiratur)
398 1617 461 1683 hoc
488 1618 676 1682 hominibus
702 1620 837 1682 omnino
864 1623 1051 1702 persuaderi
1078 1621 1216 1700 volunt;
1252 1622 1296 1685 nil
1322 1623 1365 1685 ab

213 1732 292 1794 arte,
313 1721 365 1785 vel
386 1721 527 1786 hominis
546 1744 654 1806 opere,
675 1726 824 1803 arduum,
843 1735 901 1788 aut
925 1726 957 1787 in
981 1736 1133 1789 naturam
1153 1727 1364 1809 imperiosum

214 1835 247 1889 et
269 1825 422 1900 validum,
444 1828 613 1910 expectari
637 1828 778 1906 debere3
802 1838 839 1892 ut
859 1829 901 1892 de
920 1829 1134 1912 heterogenia
1153 1830 1269 1893 caloris
1288 1831 1365 1894 astri

213 1939 246 1992 et
262 1929 355 2012 ignis,
373 1941 407 1995 et
422 1931 586 2012 mistione,
601 1931 749 2013 superius
767 1933 893 1995 dictum
910 1941 960 1996 est
971 1931 1006 1994 ⁵⁰.
1052 1933 1148 2016 Quae
1164 1934 1190 1996 si
1212 1943 1366 1996 notentur

105 2041 110 2048 '
213 2034 406 2112 accuratius,
430 2036 566 2098 omnino
590 2035 754 2117 pertinent
777 2037 819 2098 ad
843 2035 1006 2100 humanae
1032 2039 1205 2118 potestatis
1228 2039 1366 2101 circum-

213 2137 424 2218 scriptionem
448 2138 657 2214 malitiosam,
681 2142 779 2204 etad
803 2141 987 2222 quaesitam
1016 2151 1050 2205 et
1074 2140 1282 2205 artificiosam
1310 2143 1366 2205 de-

213 2241 442 2322 sperationem,
464 2263 550 2324 quae
572 2263 638 2306 non
661 2243 768 2306 solum
791 2245 861 2326 spei
884 2245 1021 2326 auguria
1043 2245 1163 2318 turbet,
1182 2246 1240 2308 sed
1265 2247 1364 2308 etiam

213 2365 326 2409 omnes
363 2347 542 2410 industriae
571 2347 722 2412 stimulos
753 2357 786 2411 et
817 2369 934 2411 nervos
968 2348 1100 2426 incidat,
1131 2359 1232 2430 atque
1264 2349 1366 2431 ipsius

214 2449 437 2532 experientiae
456 2451 544 2514 aleas
567 2450 720 2532 abjiciat;
742 2454 823 2516 dum
844 2451 969 2515 dehoc
990 2461 1119 2517 tanturn
1141 2451 1269 2515 solliciti
1290 2453 1365 2528 sint,

214 2562 251 2615 ut
276 2573 328 2616 ars
351 2575 464 2617 eorum
488 2555 632 2637 perfecta
655 2565 846 2628 censeatur;
875 2555 1000 2639 gloriae
1021 2556 1216 2619 vanissimae
1238 2564 1271 2618 et
1292 2576 1365 2639 per-

214 2657 395 2720 ditissimae
411 2657 528 2722 dantes
542 2679 686 2741 operam,
703 2659 827 2724 scilicet
843 2670 879 2723 ut
896 2658 1051 2742 quicquid
1068 2659 1177 2723 adhuc
1198 2661 1365 2723 inventum

213 2769 246 2823 et
262 2761 532 2842 comprehensum
549 2783 615 2825 non
630 2763 682 2840 sit,
698 2764 731 2826 id
748 2764 882 2826 omnino
899 2782 959 2826 nec
980 2763 1126 2835 inveniri,
1141 2783 1200 2827 nec
1217 2783 1365 2846 compre·

212 2865 312 2928 hendi
335 2885 432 2946 posse
455 2867 488 2928 in
511 2866 656 2928 futurum
684 2867 846 2931 credatur.
892 2867 942 2931 At
968 2868 995 2930 si
1022 2867 1096 2949 quis
1121 2867 1218 2930 rebus
1243 2867 1365 2930 addere

212 2967 281 3031 se⁵¹
310 2980 344 3034 et
371 2990 494 3032 novum
521 2970 646 3052 aliquid
673 2972 815 3053 reperire
839 2980 983 3048 conetur,
1011 2971 1065 3034 ille
1091 2980 1202 3035 tamen
1229 2971 1365 3033 omnino

212 3072 274 3134 sibi
294 3082 458 3155 proponet
475 3083 507 3137 et
524 3075 702 3138 destinabit
718 3095 818 3137 unum
837 3075 973 3156 aliquod
992 3075 1161 3138 inventum
1177 3070 1250 3158 (nec
1266 3071 1366 3159 ultra)

214 3179 409 3259 perscrutari
432 3187 465 3240 et
489 3198 622 3254 eruere3
648 3187 683 3241 ut
707 3179 869 3262 magnetis
888 3187 1048 3255 naturam,
1065 3178 1162 3241 maris
1183 3177 1311 3240 fluxum
1333 3187 1365 3240 et

213 3279 387 3356 refluxum,
416 3280 529 3345 thema
559 3280 651 3358 coeli,
682 3290 715 3345 et
745 3281 945 3363 hujusmodi,
976 3303 1062 3364 quae
1094 3281 1210 3344 secreti
1241 3281 1365 3362 aliquid

213 3384 333 3448 habere
362 3385 523 3462 videntur,
554 3395 587 3448 et
617 3385 779 3459 hactenus
802 3407 918 3469 parum
945 3385 1083 3449 feliciter
1111 3393 1251 3449 tractata
1281 3385 1364 3447 sint:

213 3508 315 3568 quum
338 3508 487 3552 summae
510 3490 551 3553 sit
576 3490 767 3572 imperitiae,
791 3490 837 3553 rei
859 3489 996 3571 alicujus
1015 3498 1166 3553 naturam
1189 3489 1221 3551 in
1240 3509 1275 3551 se
1295 3487 1365 3570 ipsa

214 3592 429 3674 perscrutari3
452 3594 723 3674 quandoquidem
745 3593 860 3656 eadem
880 3604 1005 3668 natura,
1025 3593 1163 3675 quaein
1182 3592 1255 3655 aliis
1275 3591 1364 3654 vide-

212 3705 267 3758 tur
288 3695 394 3759 latens
413 3706 445 3758 et
464 3697 602 3772 occulta,
619 3696 650 3758 in
668 3697 739 3760 aliis
760 3696 932 3760 manifesta
951 3698 993 3760 sit
1013 3707 1046 3760 et
1065 3696 1158 3779 quasi
1180 3694 1365 3779 palpabilis

212 3809 313 3880 atque
343 3800 376 3861 in
403 3797 467 3863 illis
495 3799 757 3878 admirationem,
784 3802 816 3862 in
843 3801 893 3864 his
919 3821 960 3865 ne
985 3801 1199 3864 attentionem
1230 3797 1364 3881 quidem

214 3913 344 3966 moveat
355 3901 401 3978 ⁵²;
432 3913 468 3966 ut
495 3903 532 3966 fit
560 3905 593 3966 in
621 3914 736 3968 natura
762 3905 1002 3979 consistentiae,
1027 3925 1112 3986 quae
1137 3904 1168 3964 in
1196 3903 1286 3984 ligno
1312 3903 1364 3965 vel

248 4172 270 4203 ³0

247 4255 269 4289 ³¹
288 4176 506 4329 ¹lllllLSlalldding
518 4271 618 4330 quotes
637 4261 708 4314 from
723 4261 772 4316 the
786 4259 957 4330 Redargutio
971 4258 1230 4328 Philosophiamm:
1252 4257 1364 4325 ‘Quare

213 4342 306 4397 missis
326 4342 386 4396 istis
405 4343 591 4414 philosophiis
609 4344 766 4412 abstractis
786 4361 837 4398 vos
856 4354 883 4399 et
902 4360 964 4413 ego,
984 4343 1039 4409 filii,
1059 4343 1142 4396 rebus
1160 4340 1228 4411 ipsis
1245 4357 1297 4394 nos
1316 4341 1364 4394 ad-

224 4441 260 4478 un
328 4427 378 4480 us?

209 4442 220 4494 J
247 4441 335 4563 Q
345 4508 496 4564 Ostensive
504 4527 535 4564 or
545 4510 671 4580 Glaring,
681 4511 738 4565 and
751 4510 824 4566 their
835 4510 963 4581 opposite
975 4527 1007 4565 or
1017 4509 1199 4565 clandestine
1210 4509 1364 4574 Instances‚

779 4613 802 4664 U
