<?xml version="1.0" encoding="UTF-8"?>
<!DOCTYPE html PUBLIC "-//W3C//DTD XHTML 1.0 Transitional//EN"
    "http://www.w3.org/TR/xhtml1/DTD/xhtml1-transitional.dtd">
<html xmlns="http://www.w3.org/1999/xhtml" xml:lang="en" lang="en">
 <head>
  <title>
</title>
<meta http-equiv="Content-Type" content="text/html;charset=utf-8" />
  <meta name='ocr-system' content='tesseract 3.04.00' />
  <meta name='ocr-capabilities' content='ocr_page ocr_carea ocr_par ocr_line ocrx_word'/>
</head>
<body>
  <div class='ocr_page' id='page_1' title='image "./baconsnovumorga00bacogoog/baconsnovumorga00bacogoog_0206.png"; bbox 0 0 3344 5152; ppageno 0'>
   <div class='ocr_carea' id='block_1_1' title="bbox 553 401 1354 480">
    <p class='ocr_par' dir='ltr' id='par_1_1' title="bbox 553 401 1354 480">
     <span class='ocr_line' id='line_1_1' title="bbox 553 401 1354 480; baseline 0.009 -23"><span class='ocrx_word' id='word_1_1' title='bbox 553 401 831 460; x_wconf 77' lang='lat' dir='ltr'>nrsrnmurro</span> <span class='ocrx_word' id='word_1_2' title='bbox 854 401 1010 460; x_wconf 73' lang='lat' dir='ltr'>orcnrs.</span> <span class='ocrx_word' id='word_1_3' title='bbox 1294 409 1354 480; x_wconf 86' lang='lat'>177</span> 
     </span>
    </p>
   </div>
   <div class='ocr_carea' id='block_1_2' title="bbox 192 565 1355 4688">
    <p class='ocr_par' dir='ltr' id='par_1_2' title="bbox 201 565 1355 2108">
     <span class='ocr_line' id='line_1_2' title="bbox 249 565 1355 653; baseline 0 -20"><span class='ocrx_word' id='word_1_4' title='bbox 249 567 372 653; x_wconf 85' lang='lat' dir='ltr'><strong>Quoad</strong></span> <span class='ocrx_word' id='word_1_5' title='bbox 402 567 588 651; x_wconf 77' lang='lat' dir='ltr'><strong>congeriem</strong></span> <span class='ocrx_word' id='word_1_6' title='bbox 617 587 705 646; x_wconf 90' lang='lat' dir='ltr'>vero,</span> <span class='ocrx_word' id='word_1_7' title='bbox 731 565 922 634; x_wconf 87' lang='lat' dir='ltr'>conficimus</span> <span class='ocrx_word' id='word_1_8' title='bbox 950 566 1122 634; x_wconf 80' lang='lat' dir='ltr'>historiam</span> <span class='ocrx_word' id='word_1_9' title='bbox 1152 589 1218 634; x_wconf 91' lang='lat' dir='ltr'>non</span> <span class='ocrx_word' id='word_1_10' title='bbox 1248 569 1355 636; x_wconf 90' lang='lat' dir='ltr'>solum</span> 
     </span>
     <span class='ocr_line' id='line_1_3' title="bbox 204 668 1355 757; baseline 0.003 -21"><span class='ocrx_word' id='word_1_11' title='bbox 204 682 340 738; x_wconf 91' lang='lat' dir='ltr'>naturae</span> <span class='ocrx_word' id='word_1_12' title='bbox 368 672 490 738; x_wconf 88' lang='lat' dir='ltr'>liberae</span> <span class='ocrx_word' id='word_1_13' title='bbox 516 692 555 739; x_wconf 91' lang='lat' dir='ltr'>ac</span> <span class='ocrx_word' id='word_1_14' title='bbox 581 671 709 737; x_wconf 91' lang='lat' dir='ltr'>solutae</span> <span class='ocrx_word' id='word_1_15' title='bbox 735 668 823 757; x_wconf 91' lang='lat' dir='ltr'>(cum</span> <span class='ocrx_word' id='word_1_16' title='bbox 848 672 972 738; x_wconf 89' lang='lat' dir='ltr'>scilicet</span> <span class='ocrx_word' id='word_1_17' title='bbox 999 671 1055 737; x_wconf 91' lang='lat' dir='ltr'>illa</span> <span class='ocrx_word' id='word_1_18' title='bbox 1080 680 1198 756; x_wconf 90' lang='lat' dir='ltr'>sponte</span> <span class='ocrx_word' id='word_1_19' title='bbox 1223 671 1297 738; x_wconf 88' lang='lat' dir='ltr'>fluit</span> <span class='ocrx_word' id='word_1_20' title='bbox 1322 685 1355 739; x_wconf 93' lang='lat' dir='ltr'>et</span> 
     </span>
     <span class='ocr_line' id='line_1_4' title="bbox 204 773 1355 862; baseline 0.001 -22"><span class='ocrx_word' id='word_1_21' title='bbox 204 797 290 861; x_wconf 92' lang='lat' dir='ltr'>opus</span> <span class='ocrx_word' id='word_1_22' title='bbox 304 797 402 842; x_wconf 93' lang='lat' dir='ltr'>suum</span> <span class='ocrx_word' id='word_1_23' title='bbox 418 773 570 862; x_wconf 86' lang='lat' dir='ltr'>peragit),</span> <span class='ocrx_word' id='word_1_24' title='bbox 581 776 688 859; x_wconf 87' lang='lat' dir='ltr'>qualis</span> <span class='ocrx_word' id='word_1_25' title='bbox 701 787 752 842; x_wconf 91' lang='lat' dir='ltr'>est</span> <span class='ocrx_word' id='word_1_26' title='bbox 763 776 900 842; x_wconf 93' lang='lat' dir='ltr'>historia</span> <span class='ocrx_word' id='word_1_27' title='bbox 912 778 1112 855; x_wconf 89' lang='lat' dir='ltr'>coelestium,</span> <span class='ocrx_word' id='word_1_28' title='bbox 1125 788 1355 854; x_wconf 92' lang='lat' dir='ltr'>meteororum,</span> 
     </span>
     <span class='ocr_line' id='line_1_5' title="bbox 203 879 1355 964; baseline 0.003 -20"><span class='ocrx_word' id='word_1_29' title='bbox 203 891 311 945; x_wconf 89' lang='lat' dir='ltr'>terrae</span> <span class='ocrx_word' id='word_1_30' title='bbox 325 889 360 946; x_wconf 89' lang='lat' dir='ltr'>et</span> <span class='ocrx_word' id='word_1_31' title='bbox 376 881 484 958; x_wconf 90' lang='lat' dir='ltr'>maris,</span> <span class='ocrx_word' id='word_1_32' title='bbox 500 879 716 958; x_wconf 90' lang='lat' dir='ltr'>mineralium,</span> <span class='ocrx_word' id='word_1_33' title='bbox 728 880 926 964; x_wconf 88' lang='lat' dir='ltr'>plantarum,</span> <span class='ocrx_word' id='word_1_34' title='bbox 938 882 1150 960; x_wconf 68' lang='lat' dir='ltr'>animalium</span> <span class='ocrx_word' id='word_1_35' title='bbox 1173 883 1232 946; x_wconf 92' lang='lat' dir='ltr'>sed</span> <span class='ocrx_word' id='word_1_36' title='bbox 1249 882 1355 948; x_wconf 93' lang='lat' dir='ltr'>multo</span> 
     </span>
     <span class='ocr_line' id='line_1_6' title="bbox 204 985 1354 1070; baseline 0.003 -22"><span class='ocrx_word' id='word_1_37' title='bbox 204 985 311 1068; x_wconf 88' lang='lat' dir='ltr'>magis</span> <span class='ocrx_word' id='word_1_38' title='bbox 325 993 462 1049; x_wconf 90' lang='lat' dir='ltr'>naturae</span> <span class='ocrx_word' id='word_1_39' title='bbox 477 985 673 1050; x_wconf 85' lang='lat' dir='ltr'>constrictae</span> <span class='ocrx_word' id='word_1_40' title='bbox 692 994 727 1049; x_wconf 89' lang='lat' dir='ltr'>et</span> <span class='ocrx_word' id='word_1_41' title='bbox 746 994 908 1062; x_wconf 82' lang='lat' dir='ltr'>vexatae3</span> <span class='ocrx_word' id='word_1_42' title='bbox 931 1005 1059 1069; x_wconf 90' lang='lat' dir='ltr'>nempe,</span> <span class='ocrx_word' id='word_1_43' title='bbox 1075 1007 1150 1053; x_wconf 89' lang='lat' dir='ltr'>cum</span> <span class='ocrx_word' id='word_1_44' title='bbox 1171 1006 1230 1070; x_wconf 91' lang='lat' dir='ltr'>per</span> <span class='ocrx_word' id='word_1_45' title='bbox 1250 997 1354 1052; x_wconf 88' lang='lat' dir='ltr'>artem</span> 
     </span>
     <span class='ocr_line' id='line_1_7' title="bbox 204 1089 1354 1175; baseline 0.003 -23"><span class='ocrx_word' id='word_1_46' title='bbox 204 1098 237 1153; x_wconf 91' lang='lat' dir='ltr'>et</span> <span class='ocrx_word' id='word_1_47' title='bbox 259 1089 476 1153; x_wconf 90' lang='lat' dir='ltr'>ministerium</span> <span class='ocrx_word' id='word_1_48' title='bbox 497 1089 680 1153; x_wconf 89' lang='lat' dir='ltr'>humanum</span> <span class='ocrx_word' id='word_1_49' title='bbox 701 1089 743 1153; x_wconf 90' lang='lat' dir='ltr'>de</span> <span class='ocrx_word' id='word_1_50' title='bbox 761 1099 850 1154; x_wconf 89' lang='lat' dir='ltr'>statu</span> <span class='ocrx_word' id='word_1_51' title='bbox 871 1109 931 1154; x_wconf 90' lang='lat' dir='ltr'>suo</span> <span class='ocrx_word' id='word_1_52' title='bbox 951 1090 1145 1168; x_wconf 89' lang='lat' dir='ltr'>detruditur,</span> <span class='ocrx_word' id='word_1_53' title='bbox 1160 1101 1260 1174; x_wconf 92' lang='lat' dir='ltr'>atque</span> <span class='ocrx_word' id='word_1_54' title='bbox 1281 1111 1354 1175; x_wconf 93' lang='lat' dir='ltr'>pre-</span> 
     </span>
     <span class='ocr_line' id='line_1_8' title="bbox 205 1192 1355 1275; baseline 0.003 -19"><span class='ocrx_word' id='word_1_55' title='bbox 205 1193 305 1258; x_wconf 91' lang='lat' dir='ltr'>mitur</span> <span class='ocrx_word' id='word_1_56' title='bbox 319 1203 353 1256; x_wconf 91' lang='lat' dir='ltr'>et</span> <span class='ocrx_word' id='word_1_57' title='bbox 368 1192 509 1275; x_wconf 89' lang='lat' dir='ltr'>fingitur.</span> <span class='ocrx_word' id='word_1_58' title='bbox 555 1192 675 1275; x_wconf 92' lang='lat' dir='ltr'>Itaque</span> <span class='ocrx_word' id='word_1_59' title='bbox 690 1193 800 1258; x_wconf 88' lang='lat' dir='ltr'>omnia</span> <span class='ocrx_word' id='word_1_60' title='bbox 818 1194 938 1258; x_wconf 92' lang='lat' dir='ltr'>artium</span> <span class='ocrx_word' id='word_1_61' title='bbox 955 1193 1227 1271; x_wconf 88' lang='lat' dir='ltr'>mechanicarum,</span> <span class='ocrx_word' id='word_1_62' title='bbox 1242 1196 1355 1260; x_wconf 87' lang='lat' dir='ltr'>omnia</span> 
     </span>
     <span class='ocr_line' id='line_1_9' title="bbox 203 1295 1353 1383; baseline 0.003 -23"><span class='ocrx_word' id='word_1_63' title='bbox 203 1298 392 1379; x_wconf 85' lang='lat' dir='ltr'>operativae</span> <span class='ocrx_word' id='word_1_64' title='bbox 414 1297 518 1380; x_wconf 90' lang='lat' dir='ltr'>partis</span> <span class='ocrx_word' id='word_1_65' title='bbox 540 1295 733 1374; x_wconf 91' lang='lat' dir='ltr'>liberalium,</span> <span class='ocrx_word' id='word_1_66' title='bbox 756 1297 868 1362; x_wconf 86' lang='lat' dir='ltr'>omnia</span> <span class='ocrx_word' id='word_1_67' title='bbox 890 1298 1107 1380; x_wconf 88' lang='lat' dir='ltr'>practicarum</span> <span class='ocrx_word' id='word_1_68' title='bbox 1134 1296 1353 1383; x_wconf 91' lang='lat' dir='ltr'>complurium</span> 
     </span>
     <span class='ocr_line' id='line_1_10' title="bbox 203 1400 1352 1487; baseline 0.003 -24"><span class='ocrx_word' id='word_1_69' title='bbox 203 1421 288 1484; x_wconf 91' lang='lat' dir='ltr'>quae</span> <span class='ocrx_word' id='word_1_70' title='bbox 304 1400 336 1464; x_wconf 91' lang='lat' dir='ltr'>in</span> <span class='ocrx_word' id='word_1_71' title='bbox 349 1411 454 1466; x_wconf 89' lang='lat' dir='ltr'>artem</span> <span class='ocrx_word' id='word_1_72' title='bbox 467 1401 635 1484; x_wconf 91' lang='lat' dir='ltr'>propriam</span> <span class='ocrx_word' id='word_1_73' title='bbox 647 1421 714 1464; x_wconf 88' lang='lat' dir='ltr'>non</span> <span class='ocrx_word' id='word_1_74' title='bbox 725 1400 925 1476; x_wconf 90' lang='lat' dir='ltr'>coaluerunt,</span> <span class='ocrx_word' id='word_1_75' title='bbox 937 1401 1167 1486; x_wconf 84' lang='lat' dir='ltr'>experimenta</span> <span class='ocrx_word' id='word_1_76' title='bbox 1178 1400 1352 1487; x_wconf 88' lang='lat' dir='ltr'>(quantum</span> 
     </span>
     <span class='ocr_line' id='line_1_11' title="bbox 204 1503 1355 1590; baseline 0.003 -22"><span class='ocrx_word' id='word_1_77' title='bbox 204 1505 367 1587; x_wconf 87' lang='lat' dir='ltr'>inquirere</span> <span class='ocrx_word' id='word_1_78' title='bbox 391 1505 483 1569; x_wconf 91' lang='lat' dir='ltr'>licuit</span> <span class='ocrx_word' id='word_1_79' title='bbox 505 1512 539 1570; x_wconf 92' lang='lat' dir='ltr'>et</span> <span class='ocrx_word' id='word_1_80' title='bbox 562 1515 724 1587; x_wconf 90' lang='lat' dir='ltr'>quantum</span> <span class='ocrx_word' id='word_1_81' title='bbox 750 1503 917 1571; x_wconf 88' lang='lat' dir='ltr'>adfinem</span> <span class='ocrx_word' id='word_1_82' title='bbox 940 1513 1090 1571; x_wconf 90' lang='lat' dir='ltr'>nostrum</span> <span class='ocrx_word' id='word_1_83' title='bbox 1115 1505 1253 1584; x_wconf 86' lang='lat' dir='ltr'>iaciunt)</span> <span class='ocrx_word' id='word_1_84' title='bbox 1279 1527 1355 1590; x_wconf 93' lang='lat' dir='ltr'>per-</span> 
     </span>
     <span class='ocr_line' id='line_1_12' title="bbox 203 1605 1352 1696; baseline 0.001 -23"><span class='ocrx_word' id='word_1_85' title='bbox 203 1610 385 1675; x_wconf 87' lang='lat' dir='ltr'>scribimus.</span> <span class='ocrx_word' id='word_1_86' title='bbox 431 1608 646 1692; x_wconf 86' lang='lat' dir='ltr'>Quinetiam</span> <span class='ocrx_word' id='word_1_87' title='bbox 669 1605 721 1693; x_wconf 89' lang='lat' dir='ltr'>(ut</span> <span class='ocrx_word' id='word_1_88' title='bbox 743 1607 833 1690; x_wconf 92' lang='lat' dir='ltr'>quod</span> <span class='ocrx_word' id='word_1_89' title='bbox 852 1629 903 1673; x_wconf 91' lang='lat' dir='ltr'>res</span> <span class='ocrx_word' id='word_1_90' title='bbox 926 1619 976 1674; x_wconf 92' lang='lat' dir='ltr'>est</span> <span class='ocrx_word' id='word_1_91' title='bbox 999 1608 1208 1696; x_wconf 86' lang='lat' dir='ltr'>eloquamur)</span> <span class='ocrx_word' id='word_1_92' title='bbox 1230 1610 1352 1675; x_wconf 85' lang='lat' dir='ltr'>fastum</span> 
     </span>
     <span class='ocr_line' id='line_1_13' title="bbox 202 1712 1352 1798; baseline 0.003 -22"><span class='ocrx_word' id='word_1_93' title='bbox 202 1712 375 1778; x_wconf 89' lang='lat' dir='ltr'>hominum</span> <span class='ocrx_word' id='word_1_94' title='bbox 404 1723 439 1778; x_wconf 89' lang='lat' dir='ltr'>et</span> <span class='ocrx_word' id='word_1_95' title='bbox 468 1713 618 1796; x_wconf 89' lang='lat' dir='ltr'>speciosa</span> <span class='ocrx_word' id='word_1_96' title='bbox 648 1712 693 1778; x_wconf 87' lang='lat' dir='ltr'>nil</span> <span class='ocrx_word' id='word_1_97' title='bbox 721 1713 849 1792; x_wconf 91' lang='lat' dir='ltr'>morati,</span> <span class='ocrx_word' id='word_1_98' title='bbox 876 1713 982 1778; x_wconf 92' lang='lat' dir='ltr'>multo</span> <span class='ocrx_word' id='word_1_99' title='bbox 1012 1714 1087 1798; x_wconf 92' lang='lat' dir='ltr'>plus</span> <span class='ocrx_word' id='word_1_100' title='bbox 1113 1723 1147 1780; x_wconf 88' lang='lat' dir='ltr'>et</span> <span class='ocrx_word' id='word_1_101' title='bbox 1172 1735 1293 1798; x_wconf 89' lang='lat' dir='ltr'>operae</span> <span class='ocrx_word' id='word_1_102' title='bbox 1318 1727 1352 1780; x_wconf 91' lang='lat' dir='ltr'>ct</span> 
     </span>
     <span class='ocr_line' id='line_1_14' title="bbox 202 1817 1353 1903; baseline 0.001 -22"><span class='ocrx_word' id='word_1_103' title='bbox 202 1817 357 1902; x_wconf 88' lang='lat' dir='ltr'>praesidii</span> <span class='ocrx_word' id='word_1_104' title='bbox 373 1818 406 1880; x_wconf 92' lang='lat' dir='ltr'>in</span> <span class='ocrx_word' id='word_1_105' title='bbox 421 1817 484 1882; x_wconf 91' lang='lat' dir='ltr'>hac</span> <span class='ocrx_word' id='word_1_106' title='bbox 506 1826 600 1900; x_wconf 91' lang='lat' dir='ltr'>parte</span> <span class='ocrx_word' id='word_1_107' title='bbox 621 1837 723 1899; x_wconf 89' lang='lat' dir='ltr'>quarn</span> <span class='ocrx_word' id='word_1_108' title='bbox 748 1817 780 1880; x_wconf 91' lang='lat' dir='ltr'>in</span> <span class='ocrx_word' id='word_1_109' title='bbox 804 1817 859 1880; x_wconf 86' lang='lat' dir='ltr'>illa</span> <span class='ocrx_word' id='word_1_110' title='bbox 882 1818 985 1884; x_wconf 64' lang='lat' dir='ltr'>altua</span> <span class='ocrx_word' id='word_1_111' title='bbox 1007 1820 1181 1901; x_wconf 82' lang='lat' dir='ltr'>ponimus3</span> <span class='ocrx_word' id='word_1_112' title='bbox 1203 1819 1353 1903; x_wconf 88' lang='lat' dir='ltr'>quando-</span> 
     </span>
     <span class='ocr_line' id='line_1_15' title="bbox 201 1921 1352 2006; baseline 0.001 -22"><span class='ocrx_word' id='word_1_113' title='bbox 201 1923 336 2006; x_wconf 90' lang='lat' dir='ltr'>quidem</span> <span class='ocrx_word' id='word_1_114' title='bbox 361 1932 479 1985; x_wconf 90' lang='lat' dir='ltr'>natura</span> <span class='ocrx_word' id='word_1_115' title='bbox 505 1940 612 1984; x_wconf 89' lang='lat' dir='ltr'>rerum</span> <span class='ocrx_word' id='word_1_116' title='bbox 641 1921 747 2004; x_wconf 88' lang='lat' dir='ltr'>magis</span> <span class='ocrx_word' id='word_1_117' title='bbox 771 1941 808 1986; x_wconf 91' lang='lat' dir='ltr'>se</span> <span class='ocrx_word' id='word_1_118' title='bbox 833 1921 945 2004; x_wconf 91' lang='lat' dir='ltr'>prodit</span> <span class='ocrx_word' id='word_1_119' title='bbox 971 1943 1031 2005; x_wconf 90' lang='lat' dir='ltr'>per</span> <span class='ocrx_word' id='word_1_120' title='bbox 1055 1923 1249 1988; x_wconf 87' lang='lat' dir='ltr'>vexationes</span> <span class='ocrx_word' id='word_1_121' title='bbox 1273 1924 1352 1988; x_wconf 91' lang='lat' dir='ltr'>artis</span> 
     </span>
     <span class='ocr_line' id='line_1_16' title="bbox 201 2024 678 2108; baseline -0.002 -19"><span class='ocrx_word' id='word_1_122' title='bbox 201 2046 302 2108; x_wconf 94' lang='lat' dir='ltr'>quam</span> <span class='ocrx_word' id='word_1_123' title='bbox 319 2027 352 2089; x_wconf 89' lang='lat' dir='ltr'>in</span> <span class='ocrx_word' id='word_1_124' title='bbox 367 2025 521 2090; x_wconf 86' lang='lat' dir='ltr'>libertate</span> <span class='ocrx_word' id='word_1_125' title='bbox 535 2024 678 2108; x_wconf 87' lang='lat' dir='ltr'>propria.</span> 
     </span>
    </p>

    <p class='ocr_par' dir='ltr' id='par_1_3' title="bbox 198 2127 1351 2840">
     <span class='ocr_line' id='line_1_17' title="bbox 244 2127 1351 2213; baseline 0 -19"><span class='ocrx_word' id='word_1_126' title='bbox 244 2130 366 2213; x_wconf 92' lang='lat' dir='ltr'>Neque</span> <span class='ocrx_word' id='word_1_127' title='bbox 389 2127 574 2212; x_wconf 90' lang='lat' dir='ltr'>Corporum</span> <span class='ocrx_word' id='word_1_128' title='bbox 597 2136 728 2194; x_wconf 92' lang='lat' dir='ltr'>tantum</span> <span class='ocrx_word' id='word_1_129' title='bbox 750 2128 921 2194; x_wconf 86' lang='lat' dir='ltr'>historiam</span> <span class='ocrx_word' id='word_1_130' title='bbox 945 2129 1162 2208; x_wconf 83' lang='lat' dir='ltr'>exhibemus3</span> <span class='ocrx_word' id='word_1_131' title='bbox 1197 2132 1256 2195; x_wconf 92' lang='lat' dir='ltr'>sed</span> <span class='ocrx_word' id='word_1_132' title='bbox 1279 2131 1351 2194; x_wconf 93' lang='lat' dir='ltr'>dili-</span> 
     </span>
     <span class='ocr_line' id='line_1_18' title="bbox 200 2231 1350 2317; baseline 0.002 -21"><span class='ocrx_word' id='word_1_133' title='bbox 200 2232 330 2315; x_wconf 88' lang='lat' dir='ltr'>gentiae</span> <span class='ocrx_word' id='word_1_134' title='bbox 339 2231 471 2315; x_wconf 90' lang='lat' dir='ltr'>insuper</span> <span class='ocrx_word' id='word_1_135' title='bbox 479 2241 612 2296; x_wconf 91' lang='lat' dir='ltr'>nostrae</span> <span class='ocrx_word' id='word_1_136' title='bbox 622 2252 694 2297; x_wconf 90' lang='lat' dir='ltr'>esse</span> <span class='ocrx_word' id='word_1_137' title='bbox 703 2233 900 2315; x_wconf 89' lang='lat' dir='ltr'>putavimus,</span> <span class='ocrx_word' id='word_1_138' title='bbox 910 2233 1011 2298; x_wconf 89' lang='lat' dir='ltr'>etiam</span> <span class='ocrx_word' id='word_1_139' title='bbox 1020 2234 1193 2300; x_wconf 89' lang='lat' dir='ltr'>Virtutum</span> <span class='ocrx_word' id='word_1_140' title='bbox 1203 2234 1350 2317; x_wconf 88' lang='lat' dir='ltr'>ipsarum</span> 
     </span>
     <span class='ocr_line' id='line_1_19' title="bbox 200 2333 1350 2422; baseline 0.001 -22"><span class='ocrx_word' id='word_1_141' title='bbox 200 2333 343 2422; x_wconf 88' lang='lat' dir='ltr'>(illarum</span> <span class='ocrx_word' id='word_1_142' title='bbox 370 2337 510 2401; x_wconf 91' lang='lat' dir='ltr'>dicimus</span> <span class='ocrx_word' id='word_1_143' title='bbox 535 2357 621 2419; x_wconf 91' lang='lat' dir='ltr'>quae</span> <span class='ocrx_word' id='word_1_144' title='bbox 646 2344 806 2419; x_wconf 90' lang='lat' dir='ltr'>tanquam</span> <span class='ocrx_word' id='word_1_145' title='bbox 829 2337 1011 2402; x_wconf 84' lang='lat' dir='ltr'>cardinales</span> <span class='ocrx_word' id='word_1_146' title='bbox 1034 2339 1067 2401; x_wconf 90' lang='lat' dir='ltr'>in</span> <span class='ocrx_word' id='word_1_147' title='bbox 1089 2349 1205 2403; x_wconf 91' lang='lat' dir='ltr'>natura</span> <span class='ocrx_word' id='word_1_148' title='bbox 1228 2339 1350 2402; x_wconf 91' lang='lat' dir='ltr'>censeri</span> 
     </span>
     <span class='ocr_line' id='line_1_20' title="bbox 200 2439 1350 2524; baseline 0.002 -20"><span class='ocrx_word' id='word_1_149' title='bbox 200 2440 337 2524; x_wconf 89' lang='lat' dir='ltr'>possint,</span> <span class='ocrx_word' id='word_1_150' title='bbox 360 2449 393 2504; x_wconf 91' lang='lat' dir='ltr'>et</span> <span class='ocrx_word' id='word_1_151' title='bbox 416 2440 449 2504; x_wconf 92' lang='lat' dir='ltr'>in</span> <span class='ocrx_word' id='word_1_152' title='bbox 471 2439 592 2522; x_wconf 89' lang='lat' dir='ltr'>quibus</span> <span class='ocrx_word' id='word_1_153' title='bbox 614 2449 752 2506; x_wconf 90' lang='lat' dir='ltr'>naturae</span> <span class='ocrx_word' id='word_1_154' title='bbox 773 2441 954 2524; x_wconf 88' lang='lat' dir='ltr'>primordia</span> <span class='ocrx_word' id='word_1_155' title='bbox 976 2442 1074 2524; x_wconf 91' lang='lat' dir='ltr'>plane</span> <span class='ocrx_word' id='word_1_156' title='bbox 1097 2443 1350 2519; x_wconf 88' lang='lat' dir='ltr'>constituuntur,</span> 
     </span>
     <span class='ocr_line' id='line_1_21' title="bbox 200 2545 1350 2629; baseline 0.001 -19"><span class='ocrx_word' id='word_1_157' title='bbox 200 2555 317 2628; x_wconf 91' lang='lat' dir='ltr'>utpote</span> <span class='ocrx_word' id='word_1_158' title='bbox 340 2545 498 2610; x_wconf 86' lang='lat' dir='ltr'>materiae</span> <span class='ocrx_word' id='word_1_159' title='bbox 520 2545 635 2628; x_wconf 92' lang='lat' dir='ltr'>primis</span> <span class='ocrx_word' id='word_1_160' title='bbox 657 2545 865 2629; x_wconf 91' lang='lat' dir='ltr'>passionibus</span> <span class='ocrx_word' id='word_1_161' title='bbox 887 2566 926 2611; x_wconf 91' lang='lat' dir='ltr'>ac</span> <span class='ocrx_word' id='word_1_162' title='bbox 948 2546 1127 2624; x_wconf 91' lang='lat' dir='ltr'>desideriis,</span> <span class='ocrx_word' id='word_1_163' title='bbox 1148 2547 1209 2610; x_wconf 91' lang='lat' dir='ltr'>viz.</span> <span class='ocrx_word' id='word_1_164' title='bbox 1232 2546 1350 2626; x_wconf 84' lang='lat' dir='ltr'>Denso,</span> 
     </span>
     <span class='ocr_line' id='line_1_22' title="bbox 198 2648 1349 2733; baseline 0.001 -21"><span class='ocrx_word' id='word_1_165' title='bbox 198 2649 301 2729; x_wconf 85' lang='lat' dir='ltr'>Raro,</span> <span class='ocrx_word' id='word_1_166' title='bbox 320 2648 441 2727; x_wconf 84' lang='lat' dir='ltr'>Calido,</span> <span class='ocrx_word' id='word_1_167' title='bbox 455 2649 603 2733; x_wconf 82' lang='lat' dir='ltr'>Frigido,</span> <span class='ocrx_word' id='word_1_168' title='bbox 621 2648 823 2727; x_wconf 72' lang='lat' dir='ltr'>consistenti,</span> <span class='ocrx_word' id='word_1_169' title='bbox 838 2648 966 2726; x_wconf 84' lang='lat' dir='ltr'>Fluido,</span> <span class='ocrx_word' id='word_1_170' title='bbox 980 2649 1095 2728; x_wconf 83' lang='lat' dir='ltr'>Gravi,</span> <span class='ocrx_word' id='word_1_171' title='bbox 1110 2649 1200 2727; x_wconf 80' lang='lat' dir='ltr'>Levi,</span> <span class='ocrx_word' id='word_1_172' title='bbox 1212 2649 1349 2732; x_wconf 90' lang='lat' dir='ltr'>aliisque</span> 
     </span>
     <span class='ocr_line' id='line_1_23' title="bbox 198 2750 1000 2840; baseline -0.001 -22"><span class='ocrx_word' id='word_1_173' title='bbox 198 2753 288 2820; x_wconf 94' lang='lat' dir='ltr'>haud</span> <span class='ocrx_word' id='word_1_174' title='bbox 304 2750 432 2840; x_wconf 88' lang='lat' dir='ltr'>paucis)</span> <span class='ocrx_word' id='word_1_175' title='bbox 447 2754 621 2818; x_wconf 85' lang='lat' dir='ltr'>historiam</span> <span class='ocrx_word' id='word_1_176' title='bbox 636 2773 784 2819; x_wconf 87' lang='lat' dir='ltr'>seorsum</span> <span class='ocrx_word' id='word_1_177' title='bbox 800 2773 1000 2838; x_wconf 88' lang='lat' dir='ltr'>comparare.</span> 
     </span>
    </p>

    <p class='ocr_par' dir='ltr' id='par_1_4' title="bbox 195 2857 1350 3860">
     <span class='ocr_line' id='line_1_24' title="bbox 244 2857 1349 2942; baseline 0.001 -21"><span class='ocrx_word' id='word_1_178' title='bbox 244 2859 422 2923; x_wconf 88' lang='lat' dir='ltr'>Enimvero</span> <span class='ocrx_word' id='word_1_179' title='bbox 434 2869 470 2922; x_wconf 92' lang='lat' dir='ltr'>ut</span> <span class='ocrx_word' id='word_1_180' title='bbox 483 2859 525 2922; x_wconf 91' lang='lat' dir='ltr'>de</span> <span class='ocrx_word' id='word_1_181' title='bbox 538 2858 722 2922; x_wconf 88' lang='lat' dir='ltr'>subtilitate</span> <span class='ocrx_word' id='word_1_182' title='bbox 733 2857 893 2936; x_wconf 88' lang='lat' dir='ltr'>dicamus,</span> <span class='ocrx_word' id='word_1_183' title='bbox 905 2859 1002 2942; x_wconf 87' lang='lat' dir='ltr'>plane</span> <span class='ocrx_word' id='word_1_184' title='bbox 1013 2857 1235 2940; x_wconf 89' lang='lat' dir='ltr'>conquirimus</span> <span class='ocrx_word' id='word_1_185' title='bbox 1246 2878 1349 2942; x_wconf 88' lang='lat' dir='ltr'>genus</span> 
     </span>
     <span class='ocr_line' id='line_1_25' title="bbox 198 2960 1350 3048; baseline -0.001 -21"><span class='ocrx_word' id='word_1_186' title='bbox 198 2963 500 3048; x_wconf 88' lang='lat' dir='ltr'>experimentorum</span> <span class='ocrx_word' id='word_1_187' title='bbox 524 2962 622 3044; x_wconf 91' lang='lat' dir='ltr'>longe</span> <span class='ocrx_word' id='word_1_188' title='bbox 643 2960 796 3026; x_wconf 91' lang='lat' dir='ltr'>subtilius</span> <span class='ocrx_word' id='word_1_189' title='bbox 819 2971 854 3026; x_wconf 90' lang='lat' dir='ltr'>et</span> <span class='ocrx_word' id='word_1_190' title='bbox 879 2962 1059 3045; x_wconf 89' lang='lat' dir='ltr'>simplicius</span> <span class='ocrx_word' id='word_1_191' title='bbox 1084 2982 1186 3046; x_wconf 91' lang='lat' dir='ltr'>quam</span> <span class='ocrx_word' id='word_1_192' title='bbox 1208 2973 1286 3028; x_wconf 88' lang='lat' dir='ltr'>sunt</span> <span class='ocrx_word' id='word_1_193' title='bbox 1311 2983 1350 3026; x_wconf 91' lang='lat' dir='ltr'>ea</span> 
     </span>
     <span class='ocr_line' id='line_1_26' title="bbox 198 3063 1349 3150; baseline 0 -20"><span class='ocrx_word' id='word_1_194' title='bbox 198 3087 283 3150; x_wconf 90' lang='lat' dir='ltr'>quae</span> <span class='ocrx_word' id='word_1_195' title='bbox 297 3075 481 3130; x_wconf 91' lang='lat' dir='ltr'>occurrunt.</span> <span class='ocrx_word' id='word_1_196' title='bbox 528 3063 710 3148; x_wconf 87' lang='lat' dir='ltr'>Complura</span> <span class='ocrx_word' id='word_1_197' title='bbox 724 3066 812 3129; x_wconf 92' lang='lat' dir='ltr'>enim</span> <span class='ocrx_word' id='word_1_198' title='bbox 827 3087 848 3129; x_wconf 93' lang='lat' dir='ltr'>a</span> <span class='ocrx_word' id='word_1_199' title='bbox 864 3066 1006 3130; x_wconf 88' lang='lat' dir='ltr'>tenebris</span> <span class='ocrx_word' id='word_1_200' title='bbox 1025 3066 1195 3132; x_wconf 89' lang='lat' dir='ltr'>educimus</span> <span class='ocrx_word' id='word_1_201' title='bbox 1212 3076 1246 3130; x_wconf 91' lang='lat' dir='ltr'>et</span> <span class='ocrx_word' id='word_1_202' title='bbox 1265 3067 1349 3130; x_wconf 90' lang='lat' dir='ltr'>erui·</span> 
     </span>
     <span class='ocr_line' id='line_1_27' title="bbox 198 3169 1349 3254; baseline 0 -20"><span class='ocrx_word' id='word_1_203' title='bbox 198 3191 281 3249; x_wconf 93' lang='lat' dir='ltr'>mus,</span> <span class='ocrx_word' id='word_1_204' title='bbox 297 3190 384 3252; x_wconf 92' lang='lat' dir='ltr'>quae</span> <span class='ocrx_word' id='word_1_205' title='bbox 399 3170 479 3234; x_wconf 92' lang='lat' dir='ltr'>nulli</span> <span class='ocrx_word' id='word_1_206' title='bbox 496 3169 529 3233; x_wconf 93' lang='lat' dir='ltr'>in</span> <span class='ocrx_word' id='word_1_207' title='bbox 551 3181 699 3234; x_wconf 90' lang='lat' dir='ltr'>mentem</span> <span class='ocrx_word' id='word_1_208' title='bbox 717 3170 859 3234; x_wconf 90' lang='lat' dir='ltr'>venisset</span> <span class='ocrx_word' id='word_1_209' title='bbox 880 3170 1085 3254; x_wconf 85' lang='lat' dir='ltr'>investigare,</span> <span class='ocrx_word' id='word_1_210' title='bbox 1101 3171 1162 3233; x_wconf 92' lang='lat' dir='ltr'>nisi</span> <span class='ocrx_word' id='word_1_211' title='bbox 1182 3171 1239 3253; x_wconf 94' lang='lat' dir='ltr'>qui</span> <span class='ocrx_word' id='word_1_212' title='bbox 1260 3182 1349 3235; x_wconf 91' lang='lat' dir='ltr'>certo</span> 
     </span>
     <span class='ocr_line' id='line_1_28' title="bbox 197 3274 1347 3358; baseline 0 -20"><span class='ocrx_word' id='word_1_213' title='bbox 197 3285 231 3338; x_wconf 92' lang='lat' dir='ltr'>et</span> <span class='ocrx_word' id='word_1_214' title='bbox 246 3275 411 3340; x_wconf 89' lang='lat' dir='ltr'>constanti</span> <span class='ocrx_word' id='word_1_215' title='bbox 427 3275 561 3339; x_wconf 90' lang='lat' dir='ltr'>tramite</span> <span class='ocrx_word' id='word_1_216' title='bbox 582 3274 625 3337; x_wconf 92' lang='lat' dir='ltr'>ad</span> <span class='ocrx_word' id='word_1_217' title='bbox 647 3275 870 3338; x_wconf 90' lang='lat' dir='ltr'>inventionem</span> <span class='ocrx_word' id='word_1_218' title='bbox 891 3294 1063 3339; x_wconf 89' lang='lat' dir='ltr'>causarum</span> <span class='ocrx_word' id='word_1_219' title='bbox 1084 3285 1253 3358; x_wconf 89' lang='lat' dir='ltr'>pergeret;</span> <span class='ocrx_word' id='word_1_220' title='bbox 1272 3295 1347 3340; x_wconf 91' lang='lat' dir='ltr'>cum</span> 
     </span>
     <span class='ocr_line' id='line_1_29' title="bbox 197 3377 1347 3462; baseline -0.001 -21"><span class='ocrx_word' id='word_1_221' title='bbox 197 3379 229 3441; x_wconf 91' lang='lat' dir='ltr'>in</span> <span class='ocrx_word' id='word_1_222' title='bbox 245 3401 281 3444; x_wconf 91' lang='lat' dir='ltr'>se</span> <span class='ocrx_word' id='word_1_223' title='bbox 297 3378 417 3442; x_wconf 90' lang='lat' dir='ltr'>nullius</span> <span class='ocrx_word' id='word_1_224' title='bbox 434 3397 635 3462; x_wconf 85' lang='lat' dir='ltr'>magnopere</span> <span class='ocrx_word' id='word_1_225' title='bbox 649 3378 715 3443; x_wconf 86' lang='lat' dir='ltr'>sint</span> <span class='ocrx_word' id='word_1_226' title='bbox 730 3399 827 3453; x_wconf 91' lang='lat' dir='ltr'>usus;</span> <span class='ocrx_word' id='word_1_227' title='bbox 851 3386 888 3441; x_wconf 93' lang='lat' dir='ltr'>ut</span> <span class='ocrx_word' id='word_1_228' title='bbox 899 3377 1026 3460; x_wconf 90' lang='lat' dir='ltr'>liquido</span> <span class='ocrx_word' id='word_1_229' title='bbox 1040 3388 1209 3460; x_wconf 87' lang='lat' dir='ltr'>appareat,</span> <span class='ocrx_word' id='word_1_230' title='bbox 1224 3399 1264 3442; x_wconf 89' lang='lat' dir='ltr'>ea</span> <span class='ocrx_word' id='word_1_231' title='bbox 1282 3398 1347 3441; x_wconf 90' lang='lat' dir='ltr'>non</span> 
     </span>
     <span class='ocr_line' id='line_1_30' title="bbox 197 3481 1347 3572; baseline -0.001 -27"><span class='ocrx_word' id='word_1_232' title='bbox 197 3490 330 3567; x_wconf 92' lang='lat' dir='ltr'>propter</span> <span class='ocrx_word' id='word_1_233' title='bbox 345 3504 380 3547; x_wconf 92' lang='lat' dir='ltr'>se</span> <span class='ocrx_word' id='word_1_234' title='bbox 396 3482 546 3565; x_wconf 89' lang='lat' dir='ltr'>quaesita</span> <span class='ocrx_word' id='word_1_235' title='bbox 562 3503 633 3547; x_wconf 91' lang='lat' dir='ltr'>esse</span> <span class='ocrx_word' id='word_1_236' title='bbox 646 3507 655 3561; x_wconf 91' lang='lat'>;</span> <span class='ocrx_word' id='word_1_237' title='bbox 678 3482 737 3546; x_wconf 88' lang='lat' dir='ltr'>sed</span> <span class='ocrx_word' id='word_1_238' title='bbox 753 3484 799 3546; x_wconf 90' lang='lat' dir='ltr'>ita</span> <span class='ocrx_word' id='word_1_239' title='bbox 815 3503 948 3565; x_wconf 92' lang='lat' dir='ltr'>prorsus</span> <span class='ocrx_word' id='word_1_240' title='bbox 963 3503 999 3572; x_wconf 76' lang='lat' dir='ltr'>se</span> <span class='ocrx_word' id='word_1_241' title='bbox 1014 3481 1158 3547; x_wconf 90' lang='lat' dir='ltr'>habeant</span> <span class='ocrx_word' id='word_1_242' title='bbox 1174 3482 1285 3546; x_wconf 86' lang='lat' dir='ltr'>illaad</span> <span class='ocrx_word' id='word_1_243' title='bbox 1297 3503 1347 3545; x_wconf 92' lang='lat' dir='ltr'>res</span> 
     </span>
     <span class='ocr_line' id='line_1_31' title="bbox 196 3585 1347 3670; baseline -0.001 -20"><span class='ocrx_word' id='word_1_244' title='bbox 196 3598 230 3653; x_wconf 91' lang='lat' dir='ltr'>et</span> <span class='ocrx_word' id='word_1_245' title='bbox 244 3607 344 3670; x_wconf 93' lang='lat' dir='ltr'>opera</span> <span class='ocrx_word' id='word_1_246' title='bbox 364 3586 647 3670; x_wconf 90' lang='lat' dir='ltr'>quemadmodum</span> <span class='ocrx_word' id='word_1_247' title='bbox 669 3586 783 3651; x_wconf 90' lang='lat' dir='ltr'>literae</span> <span class='ocrx_word' id='word_1_248' title='bbox 803 3585 972 3670; x_wconf 90' lang='lat' dir='ltr'>alphabeti</span> <span class='ocrx_word' id='word_1_249' title='bbox 992 3607 1028 3650; x_wconf 92' lang='lat' dir='ltr'>se</span> <span class='ocrx_word' id='word_1_250' title='bbox 1047 3586 1193 3652; x_wconf 91' lang='lat' dir='ltr'>habeant</span> <span class='ocrx_word' id='word_1_251' title='bbox 1211 3588 1253 3652; x_wconf 89' lang='lat' dir='ltr'>ad</span> <span class='ocrx_word' id='word_1_252' title='bbox 1274 3606 1347 3651; x_wconf 91' lang='lat' dir='ltr'>ora·</span> 
     </span>
     <span class='ocr_line' id='line_1_32' title="bbox 197 3689 1346 3772; baseline -0.001 -17"><span class='ocrx_word' id='word_1_253' title='bbox 197 3692 321 3756; x_wconf 92' lang='lat' dir='ltr'>tionem</span> <span class='ocrx_word' id='word_1_254' title='bbox 347 3700 381 3754; x_wconf 92' lang='lat' dir='ltr'>et</span> <span class='ocrx_word' id='word_1_255' title='bbox 406 3691 527 3768; x_wconf 84' lang='lat' dir='ltr'>verba3</span> <span class='ocrx_word' id='word_1_256' title='bbox 559 3711 653 3772; x_wconf 90' lang='lat' dir='ltr'>quae,</span> <span class='ocrx_word' id='word_1_257' title='bbox 676 3690 753 3755; x_wconf 91' lang='lat' dir='ltr'>licet</span> <span class='ocrx_word' id='word_1_258' title='bbox 775 3711 834 3772; x_wconf 91' lang='lat' dir='ltr'>per</span> <span class='ocrx_word' id='word_1_259' title='bbox 855 3710 891 3753; x_wconf 90' lang='lat' dir='ltr'>se</span> <span class='ocrx_word' id='word_1_260' title='bbox 914 3689 1054 3768; x_wconf 91' lang='lat' dir='ltr'>inutiles,</span> <span class='ocrx_word' id='word_1_261' title='bbox 1076 3692 1212 3756; x_wconf 90' lang='lat' dir='ltr'>eaedem</span> <span class='ocrx_word' id='word_1_262' title='bbox 1235 3698 1346 3754; x_wconf 87' lang='lat' dir='ltr'>tamen</span> 
     </span>
     <span class='ocr_line' id='line_1_33' title="bbox 195 3794 760 3860; baseline 0 -2"><span class='ocrx_word' id='word_1_263' title='bbox 195 3796 304 3859; x_wconf 90' lang='lat' dir='ltr'>omnis</span> <span class='ocrx_word' id='word_1_264' title='bbox 320 3795 480 3860; x_wconf 90' lang='lat' dir='ltr'>sermonis</span> <span class='ocrx_word' id='word_1_265' title='bbox 495 3794 660 3859; x_wconf 90' lang='lat' dir='ltr'>elementa</span> <span class='ocrx_word' id='word_1_266' title='bbox 675 3805 760 3858; x_wconf 80' lang='lat' dir='ltr'>sunt</span> 
     </span>
    </p>

    <p class='ocr_par' dir='ltr' id='par_1_5' title="bbox 192 3897 1347 4606">
     <span class='ocr_line' id='line_1_34' title="bbox 239 3897 1347 3982; baseline -0.003 -19"><span class='ocrx_word' id='word_1_267' title='bbox 239 3899 279 3963; x_wconf 94' lang='lat' dir='ltr'>In</span> <span class='ocrx_word' id='word_1_268' title='bbox 308 3897 438 3964; x_wconf 92' lang='lat' dir='ltr'>delectu</span> <span class='ocrx_word' id='word_1_269' title='bbox 465 3908 577 3963; x_wconf 90' lang='lat' dir='ltr'>autem</span> <span class='ocrx_word' id='word_1_270' title='bbox 601 3899 825 3964; x_wconf 88' lang='lat' dir='ltr'>narrationum</span> <span class='ocrx_word' id='word_1_271' title='bbox 849 3910 882 3963; x_wconf 92' lang='lat' dir='ltr'>et</span> <span class='ocrx_word' id='word_1_272' title='bbox 904 3899 1206 3982; x_wconf 89' lang='lat' dir='ltr'>experimentorum</span> <span class='ocrx_word' id='word_1_273' title='bbox 1230 3897 1347 3962; x_wconf 91' lang='lat' dir='ltr'>melius</span> 
     </span>
     <span class='ocr_line' id='line_1_35' title="bbox 194 4002 1346 4085; baseline 0 -19"><span class='ocrx_word' id='word_1_274' title='bbox 194 4003 382 4067; x_wconf 91' lang='lat' dir='ltr'>hominibus</span> <span class='ocrx_word' id='word_1_275' title='bbox 399 4003 524 4068; x_wconf 90' lang='lat' dir='ltr'>cavisse</span> <span class='ocrx_word' id='word_1_276' title='bbox 539 4023 600 4068; x_wconf 90' lang='lat' dir='ltr'>nos</span> <span class='ocrx_word' id='word_1_277' title='bbox 615 4003 821 4080; x_wconf 91' lang='lat' dir='ltr'>arbitramur,</span> <span class='ocrx_word' id='word_1_278' title='bbox 837 4023 937 4085; x_wconf 92' lang='lat' dir='ltr'>quam</span> <span class='ocrx_word' id='word_1_279' title='bbox 954 4003 1010 4084; x_wconf 95' lang='lat' dir='ltr'>qui</span> <span class='ocrx_word' id='word_1_280' title='bbox 1026 4004 1135 4069; x_wconf 92' lang='lat' dir='ltr'>adhuc</span> <span class='ocrx_word' id='word_1_281' title='bbox 1157 4003 1189 4066; x_wconf 93' lang='lat' dir='ltr'>in</span> <span class='ocrx_word' id='word_1_282' title='bbox 1208 4002 1346 4066; x_wconf 86' lang='lat' dir='ltr'>historia</span> 
     </span>
     <span class='ocr_line' id='line_1_36' title="bbox 194 4105 1345 4172; baseline -0.003 -1"><span class='ocrx_word' id='word_1_283' title='bbox 194 4105 335 4172; x_wconf 89' lang='lat' dir='ltr'>naturali</span> <span class='ocrx_word' id='word_1_284' title='bbox 359 4108 481 4171; x_wconf 90' lang='lat' dir='ltr'>versati</span> <span class='ocrx_word' id='word_1_285' title='bbox 508 4115 593 4170; x_wconf 89' lang='lat' dir='ltr'>sunt.</span> <span class='ocrx_word' id='word_1_286' title='bbox 639 4106 728 4170; x_wconf 93' lang='lat' dir='ltr'>Nam</span> <span class='ocrx_word' id='word_1_287' title='bbox 755 4106 868 4171; x_wconf 91' lang='lat' dir='ltr'>omnia</span> <span class='ocrx_word' id='word_1_288' title='bbox 894 4106 959 4171; x_wconf 87' lang='lat' dir='ltr'>fide</span> <span class='ocrx_word' id='word_1_289' title='bbox 985 4106 1116 4170; x_wconf 89' lang='lat' dir='ltr'>oculata</span> <span class='ocrx_word' id='word_1_290' title='bbox 1141 4115 1199 4170; x_wconf 92' lang='lat' dir='ltr'>aut</span> <span class='ocrx_word' id='word_1_291' title='bbox 1226 4106 1345 4170; x_wconf 88' lang='lat' dir='ltr'>saltem</span> 
     </span>
     <span class='ocr_line' id='line_1_37' title="bbox 193 4209 1346 4294; baseline -0.001 -20"><span class='ocrx_word' id='word_1_292' title='bbox 193 4221 375 4294; x_wconf 88' lang='lat' dir='ltr'>perspecta,</span> <span class='ocrx_word' id='word_1_293' title='bbox 398 4221 431 4274; x_wconf 93' lang='lat' dir='ltr'>et</span> <span class='ocrx_word' id='word_1_294' title='bbox 454 4230 584 4274; x_wconf 91' lang='lat' dir='ltr'>summa</span> <span class='ocrx_word' id='word_1_295' title='bbox 605 4211 752 4293; x_wconf 90' lang='lat' dir='ltr'>quadam</span> <span class='ocrx_word' id='word_1_296' title='bbox 774 4229 850 4275; x_wconf 91' lang='lat' dir='ltr'>cum</span> <span class='ocrx_word' id='word_1_297' title='bbox 873 4209 1057 4287; x_wconf 87' lang='lat' dir='ltr'>severitate,</span> <span class='ocrx_word' id='word_1_298' title='bbox 1080 4210 1274 4293; x_wconf 82' lang='lat' dir='ltr'>recipimus3</span> <span class='ocrx_word' id='word_1_299' title='bbox 1300 4210 1346 4273; x_wconf 92' lang='lat' dir='ltr'>ita</span> 
     </span>
     <span class='ocr_line' id='line_1_38' title="bbox 195 4312 1345 4396; baseline 0 -18"><span class='ocrx_word' id='word_1_300' title='bbox 195 4325 231 4379; x_wconf 92' lang='lat' dir='ltr'>ut</span> <span class='ocrx_word' id='word_1_301' title='bbox 246 4315 290 4378; x_wconf 91' lang='lat' dir='ltr'>nil</span> <span class='ocrx_word' id='word_1_302' title='bbox 308 4315 464 4379; x_wconf 86' lang='lat' dir='ltr'>reseratur</span> <span class='ocrx_word' id='word_1_303' title='bbox 486 4323 620 4380; x_wconf 90' lang='lat' dir='ltr'>auctum</span> <span class='ocrx_word' id='word_1_304' title='bbox 645 4312 791 4378; x_wconf 93' lang='lat' dir='ltr'>miraculi</span> <span class='ocrx_word' id='word_1_305' title='bbox 814 4333 923 4391; x_wconf 90' lang='lat' dir='ltr'>causa,</span> <span class='ocrx_word' id='word_1_306' title='bbox 945 4315 1003 4378; x_wconf 92' lang='lat' dir='ltr'>sed</span> <span class='ocrx_word' id='word_1_307' title='bbox 1026 4334 1111 4396; x_wconf 90' lang='lat' dir='ltr'>quae</span> <span class='ocrx_word' id='word_1_308' title='bbox 1134 4333 1303 4377; x_wconf 90' lang='lat' dir='ltr'>narramus</span> <span class='ocrx_word' id='word_1_309' title='bbox 1326 4335 1345 4378; x_wconf 90' lang='lat' dir='ltr'>a</span> 
     </span>
     <span class='ocr_line' id='line_1_39' title="bbox 192 4416 1345 4500; baseline 0 -19"><span class='ocrx_word' id='word_1_310' title='bbox 192 4417 312 4483; x_wconf 81' lang='lat' dir='ltr'>rabulis</span> <span class='ocrx_word' id='word_1_311' title='bbox 338 4426 372 4481; x_wconf 92' lang='lat' dir='ltr'>et</span> <span class='ocrx_word' id='word_1_312' title='bbox 397 4418 544 4482; x_wconf 89' lang='lat' dir='ltr'>vanitate</span> <span class='ocrx_word' id='word_1_313' title='bbox 572 4426 663 4481; x_wconf 88' lang='lat' dir='ltr'>casta</span> <span class='ocrx_word' id='word_1_314' title='bbox 693 4426 727 4481; x_wconf 90' lang='lat' dir='ltr'>et</span> <span class='ocrx_word' id='word_1_315' title='bbox 754 4417 949 4482; x_wconf 91' lang='lat' dir='ltr'>intemerata</span> <span class='ocrx_word' id='word_1_316' title='bbox 974 4417 1047 4480; x_wconf 85' lang='lat' dir='ltr'>sint.</span> <span class='ocrx_word' id='word_1_317' title='bbox 1093 4416 1284 4500; x_wconf 81' lang='lat' dir='ltr'>Quinetiam</span> <span class='ocrx_word' id='word_1_318' title='bbox 1311 4427 1345 4481; x_wconf 89' lang='lat' dir='ltr'>et</span> 
     </span>
     <span class='ocr_line' id='line_1_40' title="bbox 192 4517 1341 4606; baseline 0 -22"><span class='ocrx_word' id='word_1_319' title='bbox 192 4533 324 4606; x_wconf 84' lang='lat' dir='ltr'>recepta</span> <span class='ocrx_word' id='word_1_320' title='bbox 343 4542 495 4604; x_wconf 92' lang='lat' dir='ltr'>quaeque</span> <span class='ocrx_word' id='word_1_321' title='bbox 514 4541 554 4587; x_wconf 91' lang='lat' dir='ltr'>ac</span> <span class='ocrx_word' id='word_1_322' title='bbox 571 4521 696 4603; x_wconf 89' lang='lat' dir='ltr'>jactata</span> <span class='ocrx_word' id='word_1_323' title='bbox 718 4521 888 4586; x_wconf 90' lang='lat' dir='ltr'>mendacia</span> <span class='ocrx_word' id='word_1_324' title='bbox 909 4517 1007 4606; x_wconf 91' lang='lat' dir='ltr'>(quae</span> <span class='ocrx_word' id='word_1_325' title='bbox 1030 4521 1173 4586; x_wconf 91' lang='lat' dir='ltr'>mirabili</span> <span class='ocrx_word' id='word_1_326' title='bbox 1196 4521 1341 4604; x_wconf 93' lang='lat' dir='ltr'>quodam</span> 
     </span>
    </p>

    <p class='ocr_par' dir='ltr' id='par_1_6' title="bbox 756 4637 780 4688">
     <span class='ocr_line' id='line_1_41' title="bbox 756 4637 780 4688; baseline 0 0"><span class='ocrx_word' id='word_1_327' title='bbox 756 4637 780 4688; x_wconf 91' lang='lat' dir='ltr'>N</span> 
     </span>
    </p>
   </div>
   <div class='ocr_carea' id='block_1_3' title="bbox 0 0 1676 5152">
    <p class='ocr_par' dir='ltr' id='par_1_7' title="bbox 0 0 1676 5152">
     <span class='ocr_line' id='line_1_42' title="bbox 0 0 1676 5152; baseline 0 4"><span class='ocrx_word' id='word_1_328' title='bbox 0 0 1676 5152; x_wconf 95' lang='lat' dir='ltr'> </span> 
     </span>
    </p>
   </div>
  </div>
 </body>
</html>
