3280 5238
307 425 372 508 498
689 429 844 488 NOVUM
863 429 1081 486 ORGANUM.

307 597 561 662 diminutionem
585 595 746 680 ponderis
795 594 834 657 ln
856 594 947 658 omni
970 594 1058 660 enim
1081 593 1310 672 desiccatione,
1333 591 1459 678 aliquid

308 701 425 768 defluit
447 703 490 765 de
513 708 658 784 quanto;
687 719 795 781 neque
817 699 851 763 id
874 699 982 780 ipsum
1005 720 1049 763 ex
1072 699 1190 782 spiritu
1212 708 1343 764 tantum
1366 719 1459 782 prae-

307 800 515 882 inexistente,
529 805 586 869 sed
606 825 650 868 ex
665 824 802 887 corpore
818 803 907 886 quod
922 803 1011 883 prius
1027 801 1087 866 suit
1104 802 1263 885 tangibile
1279 812 1312 866 et
1329 804 1458 867 noviter

306 931 436 974 versum
467 918 535 974 estr
573 909 706 992 spiritus
733 906 820 972 enim
848 927 915 970 non
942 907 1111 991 ponderat.
1157 907 1320 990 Egressus
1346 917 1457 974 autem

307 1014 376 1077 sive
391 1013 522 1078 emissio
540 1013 673 1097 spiritus
693 1012 868 1074 deducitur
887 1011 930 1073 ad
951 1011 1107 1075 sensibile
1126 1011 1159 1073 in
1181 1011 1330 1094 rubigine
1340 1010 1366 1049 ⁵⁶
1388 1031 1458 1074 me-

306 1115 470 1194 tallorum,
495 1126 529 1180 et
555 1116 626 1180 aliis
653 1113 948 1199 putrefactionibus
976 1113 1046 1196 ejus
1071 1114 1200 1195 generis
1225 1135 1311 1196 quae
1337 1113 1457 1180 sistunt

306 1241 341 1283 se
356 1231 533 1302 antequam
551 1217 758 1304 pervenerint
779 1218 821 1282 ad
843 1218 1032 1280 rudimenta
1051 1218 1158 1294 vitae;
1181 1237 1258 1280 nam
1280 1217 1355 1282 illae
1364 1217 1392 1256 ⁶⁰
1412 1217 1457 1282 ad

306 1325 438 1388 tertium
464 1345 568 1407 genus
594 1341 766 1406 processus
796 1321 973 1404 pertinent.
1034 1321 1168 1384 Etenim
1200 1321 1233 1385 in
1263 1321 1457 1404 corporibus

307 1429 411 1512 magis
440 1427 621 1510 compactis
651 1425 783 1508 spiritus
810 1445 876 1489 non
904 1425 1027 1488 invenit
1054 1445 1154 1507 poros
1181 1434 1216 1490 et
1242 1435 1371 1489 meatus
1397 1443 1457 1508 per

305 1553 390 1614 quos
405 1531 532 1596 evolet:
557 1531 669 1613 itaque
685 1529 815 1610 cogitur
829 1537 941 1611 partes
960 1528 1047 1611 ipsas
1066 1528 1241 1612 tangibilcs
1261 1529 1456 1610 protrudere

306 1645 340 1700 et
363 1645 440 1698 ante
463 1655 499 1698 se
522 1654 628 1715 agere,
652 1634 698 1696 ita
725 1642 761 1696 ut
788 1626 863 1696 illae
889 1631 986 1696 simul
1013 1643 1155 1708 exeant3
1187 1640 1288 1713 atque
1314 1633 1390 1696 inde
1417 1631 1455 1695 fit

306 1738 431 1820 rubigo,
448 1748 481 1800 et
504 1737 634 1801 similia.
679 1736 729 1800 At
752 1737 935 1800 contractio
957 1736 1101 1817 partium
1123 1735 1342 1816 tangibilium,
1363 1747 1455 1818 post-

305 1862 405 1922 quam
432 1841 555 1924 aliquid
582 1843 624 1905 de
650 1841 768 1924 spiritu
792 1839 889 1903 fuerit
917 1839 1072 1902 emissum
1098 1834 1200 1923 (unde
1226 1841 1374 1921 sequitur
1401 1838 1456 1902 illa

305 1942 505 2028 desiccatio),
533 1946 706 2009 deducitur
735 1945 778 2006 ad
806 1942 958 2007 sensibile
985 1953 1056 2006 tum
1084 1961 1144 2025 per
1169 1943 1273 2025 ipsam
1301 1943 1455 2006 duritiem

306 2050 352 2111 rei
370 2058 511 2126 auctam,
524 2057 595 2113 tum
612 2047 718 2112 multo
735 2048 840 2129 magis
856 2067 915 2128 per
926 2047 1090 2124 scissuras,
1100 2047 1371 2128 angustiationes,
1384 2065 1456 2110 cor-

304 2153 502 2234 rugationes,
518 2161 552 2216 et
570 2150 840 2234 complicationes
861 2170 1046 2233 corporum,
1063 2169 1149 2232 quae
1169 2151 1245 2213 inde
1263 2159 1456 2232 sequuntur.

304 2255 439 2319 Etenim
464 2266 573 2338 partes
596 2255 676 2336 ligni
699 2253 854 2318 desiliunt
876 2264 909 2317 et
932 2255 1181 2336 angustiantur;
1215 2252 1318 2336 pelles
1344 2273 1456 2317 corru-

304 2370 443 2442 gantur3
467 2380 574 2442 neque
590 2360 623 2422 id
645 2357 762 2435 solum,
783 2357 841 2420 sed
861 2352 910 2448 (si.
923 2357 1033 2421 subita
1054 2355 1149 2421 luerit
1170 2357 1302 2421 emissio
1320 2357 1456 2440 spiritus

303 2486 364 2548 per
379 2463 519 2528 calorem
542 2463 639 2547 ignis)
661 2473 792 2527 tantum
815 2471 992 2546 properant
1011 2462 1054 2526 ad
1077 2461 1335 2528 contractionem
1359 2473 1396 2527 ut
1418 2482 1457 2525 se

304 2568 500 2650 complicent
517 2577 550 2632 et
566 2567 772 2632 convolvant.

347 2673 397 2736 At
423 2683 548 2748 contra,
575 2672 631 2734 ubi
659 2672 793 2755 spiritus
822 2671 995 2748 detinetur,
1025 2679 1059 2734 et
1089 2678 1201 2734 tamen
1231 2669 1389 2735 dilatatur
1418 2680 1454 2735 et

305 2778 470 2840 excitatur
495 2797 554 2860 per
578 2775 722 2840 calorem
745 2786 803 2838 aut
825 2775 895 2856 ejus
917 2773 1057 2856 analoga
1080 2771 1127 2858 (id
1150 2774 1239 2857 quod
1264 2773 1302 2839 fit
1324 2775 1357 2838 in
1381 2795 1454 2838 cor-

303 2880 438 2962 poribus
476 2880 580 2962 magis
617 2879 731 2942 solidis
768 2889 826 2943 aut
862 2877 1055 2965 tenacibus),
1094 2889 1165 2944 tum
1202 2899 1279 2942 vero
1316 2899 1455 2960 corpora

304 2983 523 3060 emolliuntur,
540 2993 576 3047 ut
592 2982 713 3046 serrum
727 2985 888 3058 candens;
907 2982 1022 3061 fluunt,
1039 2991 1075 3046 ut
1092 2981 1245 3060 metalla3
1269 2981 1454 3064 liquefiunt,

303 3096 338 3150 ut
369 3087 505 3168 gummi,
535 3107 619 3160 cera,
645 3096 679 3150 et
705 3087 833 3150 similia.
880 3087 998 3170 Itaque
1024 3087 1208 3151 contrariae
1235 3085 1309 3149 illae
1336 3106 1454 3170 opera·

301 3189 411 3252 tiones
426 3189 542 3252 caloris
559 3187 610 3274 (ut
625 3211 667 3253 ex
684 3210 724 3252 eo
740 3189 803 3254 alia
818 3192 992 3255 durescant
1002 3187 1037 3266 ⁵⁷,
1055 3191 1121 3254 alia
1143 3185 1340 3274 liquescant)
1358 3189 1453 3253 facile

337 3429 359 3461 ⁶⁵
377 3435 449 3488 Rust
463 3449 564 3501 proper
578 3432 600 3486 is
613 3433 668 3486 due
682 3442 711 3486 to
723 3433 771 3487 the
784 3433 973 3488 combination
986 3434 1018 3489 oi
1028 3434 1087 3488 iron
1100 3433 1165 3488 with
1180 3450 1297 3502 oxygen.
1335 3434 1408 3500 Iron,
1419 3451 1453 3490 as

301 3517 361 3570 well
374 3533 405 3569 as
418 3532 503 3583 many
516 3516 596 3569 other
608 3517 716 3582 metals,
729 3517 858 3572 becomes
871 3517 997 3572 oxidised
1010 3518 1048 3587 by
1059 3535 1195 3588 exposure
1208 3525 1237 3572 to
1249 3517 1332 3572 moist
1345 3517 1393 3574 air.

335 3596 358 3628 ⁵⁸
377 3598 446 3652 This
460 3599 542 3665 word,
556 3616 587 3652 as
602 3601 656 3652 Mr.
671 3599 741 3654 Ellis
754 3611 890 3670 suggests,
904 3601 1004 3656 should
1017 3603 1053 3656 be
1065 3601 1121 3655 illa.

337 3678 359 3710 ⁶⁷
377 3683 439 3735 The
452 3681 609 3750 hardening
622 3683 763 3752 produced
777 3684 813 3754 by
827 3685 891 3738 heat
905 3684 928 3738 is
941 3686 995 3740 due
1008 3697 1037 3740 to
1050 3685 1097 3740 the
1110 3701 1210 3756 escape
1223 3684 1255 3740 oi
1267 3684 1401 3740 molsture
1420 3703 1453 3740 or

301 3775 330 3824 to
343 3782 420 3819 some
433 3765 568 3820 chemical
582 3767 689 3836 change
703 3767 731 3820 in
744 3767 793 3822 the
806 3769 963 3824 substance.

308 3883 315 3894 =
339 3850 390 3920 Cp.
404 3849 558 3917 Lucretius,
572 3849 607 3903 vi.
621 3863 682 3918 959,
695 3851 760 3905 dre:

461 3935 545 3988 ‘Huc
563 3933 671 3988 accedit
690 3934 731 3988 uti
749 3951 805 3988 non
823 3933 926 4001 omnia,
945 3952 1017 4005 quae
1032 3934 1174 4005 jaciuntur

478 4019 603 4087 Corpora
621 4034 740 4087 eumque
758 4017 795 4070 ab
813 4018 905 4086 rebus,
924 4020 1024 4074 eodem
1042 4018 1169 4090 praedita
1190 4037 1273 4076 sensu

476 4103 570 4170 Atque
587 4101 688 4154 eodem
706 4111 789 4170 pacto
808 4103 889 4156 rebus
909 4102 963 4156 sint
983 4103 1112 4157 omnibus
1131 4113 1206 4174 apta.

478 4183 620 4253 Principio
638 4194 741 4238 terram
760 4185 801 4238 sol
819 4186 946 4255 excoquit
965 4187 1077 4240 etfacit
1096 4203 1153 4254 are,

476 4269 514 4322 At
531 4267 649 4336 glaciem
668 4267 794 4322 dissolvit
813 4277 841 4322 et
860 4269 923 4323 altis
942 4269 1084 4324 montibus
1103 4270 1175 4325 altas

477 4351 681 4420 Extructasque
699 4351 778 4407 nives
796 4351 882 4406 radiis
900 4353 1043 4408 tabescere
1062 4352 1143 4422 cogit.

478 4434 608 4504 Denique
627 4451 691 4488 cera
708 4434 812 4504 liquefit
832 4435 860 4488 in
878 4434 937 4505 ejus
956 4445 1039 4506 posta
1055 4452 1167 4506 vapore.

478 4521 555 4592 lguis
574 4521 640 4578 item
659 4522 795 4594 liquidum
813 4522 879 4580 iacit
898 4541 946 4580 aes
964 4541 1117 4598 aurumque
1136 4524 1258 4592 resolvit,
