3250 5138
632 352 713 408 LIB.
735 352 778 410 II.
802 345 855 424 48.
1240 361 1304 430 549

262 541 287 582 η
309 521 409 584 etiam
427 519 579 585 videntur
601 519 712 602 magni
731 518 776 582 illi
798 518 942 584 fervores
963 529 996 584 et
1018 518 1305 598 inflammationes,

297 626 460 689 veniuntur
475 625 506 686 in
522 623 603 688 locis
625 623 854 699 subterraneis,
870 644 941 688 esse
957 623 1151 704 rejectiones
1168 635 1305 690 naturae

312 730 331 784 'r
342 728 549 793 interioribus
561 739 667 792 terrae
675 725 710 790 ¹⁵.
736 727 835 792 Calor
847 729 932 791 enim
944 738 976 792 et
986 729 1096 812 frigus,
1107 730 1133 792 si
1146 729 1261 792 fuerint
1272 729 1303 792 in

344 853 426 908 rore,
439 853 474 895 se
490 832 628 896 invicem
645 832 830 914 perimunt;
852 833 901 896 sin
919 832 1039 896 fuerint
1052 833 1085 895 in
1101 834 1217 896 massis
1233 852 1303 896 ma-

377 955 498 1018 nquam
518 935 616 1018 justis
633 936 845 1011 exercitibus,
861 947 933 1000 tum
948 957 1027 1000 vero
1042 957 1100 1018 per
1115 935 1304 1001 conflictum

399 1061 446 1107 em
470 1049 679 1103 summovent
694 1051 728 1104 et
745 1040 889 1122 ejiciunt.
936 1039 1049 1103 Etiam
1065 1041 1199 1104 tradunt
1216 1041 1304 1106 cina·

423 1142 536 1222 wisera,
552 1144 615 1207 sita
626 1143 724 1225 juxta
740 1143 875 1208 latrinas
892 1155 925 1208 et
942 1144 1015 1208 loca
1033 1142 1166 1218 foetida,
1181 1144 1304 1208 diutius

460 1272 467 1324 3
491 1245 568 1328 quia
589 1256 740 1309 recusant
761 1247 854 1309 exire
876 1255 910 1310 ct
926 1247 1130 1310 commisceri
1147 1267 1221 1312 cum
1237 1247 1305 1311 foe·

333 1377 381 1413 ..c
397 1360 571 1433 argentum
585 1349 709 1426 vivum,
725 1349 816 1432 quod
832 1350 912 1413 alias
927 1371 963 1413 se
980 1351 1120 1414 reuniret
1136 1350 1169 1414 in
1184 1370 1304 1433 corpus

167 1473 323 1534 ..c-grum,
350 1454 542 1536 prohibetur
572 1474 631 1535 per
659 1453 797 1518 salivam
827 1451 1061 1532 hominis,‘aut
1087 1453 1302 1538 axunglam¹⁶

141 1557 246 1637 porci,
263 1567 325 1622 aut
339 1557 605 1634 terebinthinam,
620 1566 654 1621 et
669 1555 869 1639 hujusmodi,
885 1578 925 1620 ne
943 1567 1054 1640 partes
1074 1556 1145 1640 ejus
1164 1565 1302 1637 co'e'ant3

142 1671 284 1743 propter
318 1661 441 1724 malum
476 1681 671 1725 consensum
707 1680 807 1743 quem
846 1660 967 1724 habent
1001 1681 1078 1726 cum
1112 1660 1303 1744 hujusmodi

142 1764 364 1846 corporibus;
405 1786 425 1828 a
459 1765 578 1847 quibus
617 1765 763 1846 undique
800 1765 1002 1829 circumfusis
1039 1785 1075 1829 se
1112 1766 1302 1844 retrahunt;

143 1869 231 1932 adeo
257 1880 296 1934 ut
318 1868 431 1934 fortior
452 1871 495 1932 sit
515 1889 627 1932 earum
641 1870 733 1951 suga
754 1869 798 1932 ab
821 1868 892 1932 istis
915 1867 1182 1952 interjacentibus
1201 1890 1302 1952 quam

143 1972 347 2036 desiderium
372 1973 503 2037 uniendi
529 1993 663 2036 secum
691 1973 841 2056 partibus
866 1973 916 2037 sui
941 1973 1122 2050 similibus;
1151 1975 1184 2036 id
1211 1975 1301 2056 quod

143 2087 267 2141 vocant
299 2075 578 2160 mortificationem
589 2074 613 2116 ¹⁷
638 2077 766 2159 argenti
796 2077 871 2139 vivi.
926 2076 1038 2140 Etiam
1072 2078 1162 2160 quod
1191 2079 1302 2142 oleum

144 2201 223 2244 cum
240 2201 331 2264 aqua
350 2201 414 2244 non
437 2181 621 2258 misceatur,
637 2201 703 2243 non
720 2189 850 2244 tantum
876 2180 909 2244 in
930 2200 1028 2244 causa
1049 2193 1099 2246 est
1117 2181 1303 2247 differentia

145 2283 301 2362 levitatis,
329 2285 389 2348 sed
420 2284 526 2348 malus
561 2285 705 2367 ipsorum
739 2303 936 2348 consensus:
976 2294 1013 2349 ut
1042 2287 1154 2348 videre
1185 2297 1235 2350 est
1269 2287 1302 2348 in

145 2389 264 2471 spiritu
281 2389 357 2466 vini,
373 2389 428 2471 qui
445 2409 520 2452 cum
536 2387 638 2451 levior
652 2389 694 2451 sit
710 2387 795 2462 oleo,
812 2399 924 2452 tamen
940 2409 975 2452 se
990 2389 1074 2452 bene
1095 2390 1211 2454 miscet
1226 2410 1301 2454 cum

145 2513 243 2575 aqua.
289 2492 340 2555 At
356 2493 504 2555 maxime
522 2492 670 2555 omnium
688 2492 824 2575 insignis
842 2501 893 2556 est
909 2502 1019 2556 motus
1032 2493 1141 2574 jugae
1156 2493 1188 2556 in
1204 2493 1302 2567 nitro,

145 2606 179 2659 et
202 2595 395 2678 hujusmodi
417 2597 607 2677 corporibus
629 2596 748 2670 crudis,
769 2616 857 2678 quae
879 2594 1047 2659 flammam
1071 2596 1249 2660 exhorrent
1258 2595 1302 2676 ¹⁸3

146 2702 239 2765 utin
264 2701 397 2784 pulvere
423 2701 530 2782 pyrio,
556 2710 694 2783 argento
715 2700 801 2776 vivo,
825 2719 952 2764 necnon
979 2700 1012 2762 in
1038 2720 1118 2764 auro
1128 2696 1163 2764 ¹⁹.
1207 2701 1302 2783 Fuga

182 2927 205 2960 ¹³
225 2932 251 2985 lt
271 2929 295 2984 is
313 2929 422 2984 curious
441 2939 471 2984 to
489 2930 547 2984 find
566 2931 603 2984 all
621 2929 677 2983 this
696 2945 837 2984 nonsense
861 2928 986 2998 adopted
1010 2929 1049 2998 by
1068 2930 1174 2984 Bacon.
1226 2931 1251 2984 lt
1277 2929 1301 2984 is

146 3014 293 3068 borrowed
312 3014 383 3068 from
401 3013 529 3068 Telesius
547 3013 605 3082 (see
621 3014 666 3067 De
684 3011 830 3083 Principiis
845 3023 931 3082 atque
948 3011 1121 3081 Originibus,
1140 3015 1175 3067 E.
1190 3013 1246 3067 and
1262 3016 1301 3082 S,

147 3098 201 3152 vol.
214 3097 252 3152 iii.
265 3115 312 3167 pp.
328 3095 453 3166 109-10).
502 3097 563 3166 cp,
575 3096 618 3151 for
634 3094 741 3150 similar
754 3095 876 3162 notions,
893 3095 979 3150 Arist.
995 3095 1222 3166 Meteorologica,
1236 3095 1253 3150 i.
1270 3110 1300 3150 12

148 3180 186 3251 (p.
200 3181 253 3249 348
266 3181 293 3234 b.
308 3194 332 3246 a,
346 3179 440 3249 κ.τ.λ.).

184 3265 248 3319 One
260 3263 293 3317 of
301 3264 351 3318 the
364 3263 533 3333 Peripatetic
546 3261 687 3317 doctrines
701 3260 755 3331 (for
767 3260 858 3316 which
871 3278 918 3317 see
930 3260 1017 3316 Arist.
1031 3263 1076 3317 De
1093 3264 1164 3318 Gen.
1177 3272 1205 3319 et
1224 3263 1301 3317 Corr.

148 3346 175 3400 ii.
189 3345 217 3415 3)
232 3365 289 3402 was
301 3348 362 3401 that
376 3347 424 3400 tire
438 3347 460 3402 is
472 3347 522 3402 hot
534 3347 591 3400 and
604 3347 664 3414 dry,
676 3344 719 3398 air
731 3345 780 3399 bot
792 3345 850 3398 and
862 3345 953 3409 moist,
964 3355 1050 3400 water
1060 3346 1125 3400 cold
1137 3346 1195 3400 and
1209 3346 1302 3412 moist,

147 3430 227 3484 earth
247 3430 310 3484 cold
328 3432 386 3484 and
404 3430 464 3498 dry.
519 3431 542 3483 lt
561 3428 698 3499 required,
717 3427 864 3494 therefore,
883 3438 913 3482 to
932 3429 968 3483 be
986 3429 1134 3498 explained
1153 3430 1217 3499 why
1236 3431 1301 3485 ‘the

148 3513 254 3568 middle
273 3513 369 3582 region
395 3513 426 3566 of
447 3515 496 3567 the
514 3513 569 3566 air’
589 3511 612 3566 is
633 3511 696 3566 cold
715 3511 773 3565 and
791 3512 855 3580 why
874 3512 1106 3567 ‘subterraneous
1124 3513 1234 3582 places’
1252 3529 1301 3567 are

148 3613 244 3663 warm,
253 3597 323 3652 both
335 3597 514 3666 phenomena
526 3595 611 3663 being
623 3605 753 3664 contrary
760 3606 790 3649 to
800 3595 874 3648 what
886 3595 977 3664 might
989 3596 1061 3650 have
1074 3597 1145 3651 been
1156 3596 1300 3665 expected.

148 3680 275 3735 Telesius
296 3679 399 3748 (whom
418 3681 514 3734 Bacon
533 3695 566 3732 so
583 3679 740 3748 frequently
759 3677 877 3745 follows)
897 3677 1021 3748 adopted
1040 3696 1072 3733 so
1091 3679 1175 3733 much
1201 3679 1232 3733 oi
1253 3681 1301 3735 the

149 3762 318 3834 Peripatetic
337 3764 444 3830 theory,
463 3779 495 3816 as
514 3773 544 3816 to
562 3763 646 3816 make
664 3762 712 3816 the
730 3760 856 3815 heavens
874 3761 923 3815 the
941 3761 1078 3831 principal
1097 3772 1157 3816 seat
1182 3762 1215 3816 of
1234 3763 1301 3820 heat

147 3848 206 3900 and
226 3848 274 3902 the
292 3847 372 3900 earth
391 3846 423 3900 of
437 3845 507 3900 cold
553 3846 607 3901 See
624 3844 671 3899 the
687 3851 806 3899 account
824 3844 856 3897 of
869 3844 1005 3899 Telesius’
1022 3844 1190 3915 philosophy
1209 3844 1238 3898 in
1252 3845 1300 3899 the

149 3931 193 3984 De
208 3929 356 4000 Principiis
372 3939 456 3999 atque
473 3927 636 3998 Originibus
655 3927 693 3996 (p.
706 3941 751 3996 94,
767 3924 840 3995 δια),
852 3927 909 3980 and
927 3945 968 3997 cp
983 3927 1118 3992 Telesius,
1132 3927 1177 3982 De
1196 3929 1300 3982 Rerum

150 4013 268 4079 Natura,
280 4014 327 4068 lib.
341 4013 358 4067 i.
371 4030 452 4084 capp.
467 4027 526 4080 1-3.

183 4093 204 4126 ¹⁸
223 4098 366 4152 Axle-tree
382 4112 488 4165 grease,
507 4095 586 4164 bog’s
605 4094 675 4148 lard.
718 4094 773 4149 See
794 4091 884 4163 Pliny,
904 4094 971 4148 Nat.
992 4092 1066 4148 Hist
1085 4092 1176 4148 rorviii.
1195 4107 1212 4162 9
1232 4093 1300 4164 (37),

148 4193 232 4240 sects.
248 4197 306 4255 135,
319 4185 370 4240 &e

184 4269 204 4302 ¹⁷
226 4273 277 4344 Cp.
291 4271 418 4328 Historia
431 4271 521 4326 Densi
532 4280 560 4326 et
574 4269 650 4336 Rari,
664 4271 699 4323 E.
711 4268 770 4323 and
783 4269 820 4336 5.,
834 4269 887 4323 vol
900 4267 927 4323 ii.
941 4285 989 4340 pp.
1001 4268 1098 4337 286-7.

183 4353 205 4386 ¹⁸
225 4357 276 4427 Cr·
290 4356 316 4410 a.
330 4357 364 4423 ³⁶
378 4355 429 4423 (7)-

184 4435 206 4469 ¹⁹
225 4441 275 4510 Cp.
291 4437 417 4494 Historia
428 4439 593 4506 Ventorum,
607 4437 641 4492 E.
654 4437 710 4490 and
725 4436 762 4504 5.,
775 4435 829 4490 vol.
842 4433 870 4490 ii.
884 4451 910 4506 p.
923 4447 966 4504 74,
980 4435 1036 4490 and
1050 4450 1098 4492 see
1111 4433 1299 4492 Beckmann's
