<?xml version="1.0" encoding="UTF-8"?>
<!DOCTYPE html PUBLIC "-//W3C//DTD XHTML 1.0 Transitional//EN"
    "http://www.w3.org/TR/xhtml1/DTD/xhtml1-transitional.dtd">
<html xmlns="http://www.w3.org/1999/xhtml" xml:lang="en" lang="en">
 <head>
  <title>
</title>
<meta http-equiv="Content-Type" content="text/html;charset=utf-8" />
  <meta name='ocr-system' content='tesseract 3.04.00' />
  <meta name='ocr-capabilities' content='ocr_page ocr_carea ocr_par ocr_line ocrx_word'/>
</head>
<body>
  <div class='ocr_page' id='page_1' title='image "./baconsnovumorga00bacogoog/baconsnovumorga00bacogoog_0315.png"; bbox 0 0 3358 5152; ppageno 0'>
   <div class='ocr_carea' id='block_1_1' title="bbox 310 399 1082 471">
    <p class='ocr_par' dir='ltr' id='par_1_1' title="bbox 310 399 1082 471">
     <span class='ocr_line' id='line_1_1' title="bbox 310 399 1082 471; baseline 0.006 -5"><span class='ocrx_word' id='word_1_1' title='bbox 310 399 373 466; x_wconf 88' lang='lat'>286</span> <span class='ocrx_word' id='word_1_2' title='bbox 690 413 847 470; x_wconf 84' lang='lat' dir='ltr'><em>NOVUM</em></span> <span class='ocrx_word' id='word_1_3' title='bbox 862 413 1082 471; x_wconf 83' lang='lat' dir='ltr'><em>ORGANUM.</em></span> 
     </span>
    </p>
   </div>
   <div class='ocr_carea' id='block_1_2' title="bbox 296 576 1460 3679">
    <p class='ocr_par' dir='ltr' id='par_1_2' title="bbox 307 576 1460 867">
     <span class='ocr_line' id='line_1_2' title="bbox 307 576 1460 662; baseline 0.005 -24"><span class='ocrx_word' id='word_1_4' title='bbox 307 576 474 641; x_wconf 87' lang='lat' dir='ltr'>varietatis</span> <span class='ocrx_word' id='word_1_5' title='bbox 504 577 657 642; x_wconf 87' lang='lat' dir='ltr'><strong>transibit</strong></span> <span class='ocrx_word' id='word_1_6' title='bbox 687 579 730 642; x_wconf 91' lang='lat' dir='ltr'>ad</span> <span class='ocrx_word' id='word_1_7' title='bbox 762 577 955 642; x_wconf 83' lang='lat' dir='ltr'>miraculum</span> <span class='ocrx_word' id='word_1_8' title='bbox 987 579 1189 662; x_wconf 81' lang='lat' dir='ltr'>indigentiae</span> <span class='ocrx_word' id='word_1_9' title='bbox 1218 588 1253 644; x_wconf 89' lang='lat' dir='ltr'>et</span> <span class='ocrx_word' id='word_1_10' title='bbox 1284 579 1460 662; x_wconf 81' lang='lat' dir='ltr'>paucitatis</span> 
     </span>
     <span class='ocr_line' id='line_1_3' title="bbox 308 681 1459 765; baseline 0.005 -22"><span class='ocrx_word' id='word_1_11' title='bbox 308 701 419 745; x_wconf 88' lang='lat' dir='ltr'>earum</span> <span class='ocrx_word' id='word_1_12' title='bbox 458 703 565 745; x_wconf 90' lang='lat' dir='ltr'>rerum</span> <span class='ocrx_word' id='word_1_13' title='bbox 596 702 680 765; x_wconf 92' lang='lat' dir='ltr'>quae</span> <span class='ocrx_word' id='word_1_14' title='bbox 710 681 882 746; x_wconf 92' lang='lat' dir='ltr'>hominum</span> <span class='ocrx_word' id='word_1_15' title='bbox 914 693 1041 747; x_wconf 91' lang='lat' dir='ltr'>mentes</span> <span class='ocrx_word' id='word_1_16' title='bbox 1078 683 1187 748; x_wconf 89' lang='lat' dir='ltr'>adhuc</span> <span class='ocrx_word' id='word_1_17' title='bbox 1221 693 1396 748; x_wconf 90' lang='lat' dir='ltr'>tenuerunt</span> <span class='ocrx_word' id='word_1_18' title='bbox 1426 695 1459 749; x_wconf 90' lang='lat' dir='ltr'>et</span> 
     </span>
     <span class='ocr_line' id='line_1_4' title="bbox 307 796 516 867; baseline 0 -17"><span class='ocrx_word' id='word_1_19' title='bbox 307 796 516 867; x_wconf 90' lang='lat' dir='ltr'>occuparunt.</span> 
     </span>
    </p>

    <p class='ocr_par' dir='ltr' id='par_1_3' title="bbox 298 889 1459 2931">
     <span class='ocr_line' id='line_1_5' title="bbox 351 889 1459 974; baseline 0.001 -21"><span class='ocrx_word' id='word_1_20' title='bbox 351 889 452 971; x_wconf 84' lang='lat' dir='ltr'>Quod</span> <span class='ocrx_word' id='word_1_21' title='bbox 468 892 495 954; x_wconf 92' lang='lat' dir='ltr'>si</span> <span class='ocrx_word' id='word_1_22' title='bbox 512 891 585 972; x_wconf 91' lang='lat' dir='ltr'>quis</span> <span class='ocrx_word' id='word_1_23' title='bbox 600 890 643 954; x_wconf 94' lang='lat' dir='ltr'>ad</span> <span class='ocrx_word' id='word_1_24' title='bbox 660 890 855 953; x_wconf 90' lang='lat' dir='ltr'>intuendum</span> <span class='ocrx_word' id='word_1_25' title='bbox 871 911 920 963; x_wconf 89' lang='lat' dir='ltr'>ea,</span> <span class='ocrx_word' id='word_1_26' title='bbox 932 911 1019 972; x_wconf 90' lang='lat' dir='ltr'>quae</span> <span class='ocrx_word' id='word_1_27' title='bbox 1035 891 1140 974; x_wconf 87' lang='lat' dir='ltr'>magis</span> <span class='ocrx_word' id='word_1_28' title='bbox 1155 891 1282 956; x_wconf 89' lang='lat' dir='ltr'>curiosa</span> <span class='ocrx_word' id='word_1_29' title='bbox 1297 892 1459 956; x_wconf 86' lang='lat' dir='ltr'>habentur</span> 
     </span>
     <span class='ocr_line' id='line_1_6' title="bbox 306 994 1457 1079; baseline 0.003 -22"><span class='ocrx_word' id='word_1_30' title='bbox 306 1014 405 1076; x_wconf 90' lang='lat' dir='ltr'>quam</span> <span class='ocrx_word' id='word_1_31' title='bbox 423 1015 510 1070; x_wconf 90' lang='lat' dir='ltr'>sana,</span> <span class='ocrx_word' id='word_1_32' title='bbox 520 996 667 1058; x_wconf 89' lang='lat' dir='ltr'>animum</span> <span class='ocrx_word' id='word_1_33' title='bbox 681 995 878 1070; x_wconf 88' lang='lat' dir='ltr'>submiserit,</span> <span class='ocrx_word' id='word_1_34' title='bbox 889 1006 922 1059; x_wconf 89' lang='lat' dir='ltr'>et</span> <span class='ocrx_word' id='word_1_35' title='bbox 931 994 1202 1076; x_wconf 89' lang='lat' dir='ltr'>alchymistarum</span> <span class='ocrx_word' id='word_1_36' title='bbox 1215 1007 1272 1060; x_wconf 90' lang='lat' dir='ltr'>aut</span> <span class='ocrx_word' id='word_1_37' title='bbox 1285 1017 1457 1079; x_wconf 85' lang='lat' dir='ltr'>magorum</span> 
     </span>
     <span class='ocr_line' id='line_1_7' title="bbox 307 1099 1456 1182; baseline 0.003 -20"><span class='ocrx_word' id='word_1_38' title='bbox 307 1119 406 1181; x_wconf 87' lang='lat' dir='ltr'>opera</span> <span class='ocrx_word' id='word_1_39' title='bbox 429 1099 570 1182; x_wconf 87' lang='lat' dir='ltr'>penitius</span> <span class='ocrx_word' id='word_1_40' title='bbox 592 1099 836 1181; x_wconf 84' lang='lat' dir='ltr'>introspexerit,</span> <span class='ocrx_word' id='word_1_41' title='bbox 860 1100 887 1162; x_wconf 95' lang='lat' dir='ltr'>is</span> <span class='ocrx_word' id='word_1_42' title='bbox 910 1100 1074 1164; x_wconf 87' lang='lat' dir='ltr'>dubitabit</span> <span class='ocrx_word' id='word_1_43' title='bbox 1097 1099 1235 1165; x_wconf 82' lang='lat' dir='ltr'>forsitan</span> <span class='ocrx_word' id='word_1_44' title='bbox 1259 1111 1368 1164; x_wconf 90' lang='lat' dir='ltr'>utrum</span> <span class='ocrx_word' id='word_1_45' title='bbox 1392 1102 1456 1165; x_wconf 89' lang='lat' dir='ltr'>risu</span> 
     </span>
     <span class='ocr_line' id='line_1_8' title="bbox 306 1201 1456 1287; baseline 0.003 -22"><span class='ocrx_word' id='word_1_46' title='bbox 306 1223 348 1265; x_wconf 91' lang='lat' dir='ltr'>an</span> <span class='ocrx_word' id='word_1_47' title='bbox 364 1202 542 1284; x_wconf 88' lang='lat' dir='ltr'>lachrymis</span> <span class='ocrx_word' id='word_1_48' title='bbox 558 1203 666 1286; x_wconf 84' lang='lat' dir='ltr'>potius</span> <span class='ocrx_word' id='word_1_49' title='bbox 682 1203 738 1266; x_wconf 90' lang='lat' dir='ltr'>illa</span> <span class='ocrx_word' id='word_1_50' title='bbox 755 1203 856 1286; x_wconf 88' lang='lat' dir='ltr'>digna</span> <span class='ocrx_word' id='word_1_51' title='bbox 874 1204 949 1267; x_wconf 91' lang='lat' dir='ltr'>sint.</span> <span class='ocrx_word' id='word_1_52' title='bbox 994 1203 1207 1284; x_wconf 90' lang='lat' dir='ltr'>Alchymista</span> <span class='ocrx_word' id='word_1_53' title='bbox 1223 1205 1309 1268; x_wconf 89' lang='lat' dir='ltr'>enim</span> <span class='ocrx_word' id='word_1_54' title='bbox 1322 1201 1350 1242; x_wconf 69' lang='lat'>⁴2</span> <span class='ocrx_word' id='word_1_55' title='bbox 1364 1225 1456 1287; x_wconf 91' lang='lat' dir='ltr'>spem</span> 
     </span>
     <span class='ocr_line' id='line_1_9' title="bbox 305 1306 1456 1391; baseline 0.003 -21"><span class='ocrx_word' id='word_1_56' title='bbox 305 1306 363 1370; x_wconf 90' lang='lat' dir='ltr'>alit</span> <span class='ocrx_word' id='word_1_57' title='bbox 378 1317 556 1380; x_wconf 87' lang='lat' dir='ltr'>aeternam,</span> <span class='ocrx_word' id='word_1_58' title='bbox 574 1317 675 1390; x_wconf 90' lang='lat' dir='ltr'>atque</span> <span class='ocrx_word' id='word_1_59' title='bbox 689 1307 747 1370; x_wconf 91' lang='lat' dir='ltr'>ubi</span> <span class='ocrx_word' id='word_1_60' title='bbox 763 1327 897 1371; x_wconf 85' lang='lat' dir='ltr'>resnou</span> <span class='ocrx_word' id='word_1_61' title='bbox 916 1308 1063 1373; x_wconf 88' lang='lat' dir='ltr'>succedit</span> <span class='ocrx_word' id='word_1_62' title='bbox 1079 1329 1203 1372; x_wconf 88' lang='lat' dir='ltr'>errores</span> <span class='ocrx_word' id='word_1_63' title='bbox 1218 1310 1369 1391; x_wconf 91' lang='lat' dir='ltr'>proprios</span> <span class='ocrx_word' id='word_1_64' title='bbox 1384 1330 1456 1373; x_wconf 92' lang='lat' dir='ltr'>reos</span> 
     </span>
     <span class='ocr_line' id='line_1_10' title="bbox 305 1411 1457 1495; baseline 0.003 -23"><span class='ocrx_word' id='word_1_65' title='bbox 305 1411 496 1485; x_wconf 83' lang='lat' dir='ltr'>substituit3</span> <span class='ocrx_word' id='word_1_66' title='bbox 534 1431 645 1474; x_wconf 88' lang='lat' dir='ltr'>secum</span> <span class='ocrx_word' id='word_1_67' title='bbox 677 1412 880 1476; x_wconf 87' lang='lat' dir='ltr'>accusatorie</span> <span class='ocrx_word' id='word_1_68' title='bbox 913 1413 1109 1495; x_wconf 89' lang='lat' dir='ltr'>reputand0,</span> <span class='ocrx_word' id='word_1_69' title='bbox 1137 1433 1173 1476; x_wconf 91' lang='lat' dir='ltr'>se</span> <span class='ocrx_word' id='word_1_70' title='bbox 1203 1422 1260 1476; x_wconf 88' lang='lat' dir='ltr'>aut</span> <span class='ocrx_word' id='word_1_71' title='bbox 1289 1415 1369 1477; x_wconf 89' lang='lat' dir='ltr'>artis</span> <span class='ocrx_word' id='word_1_72' title='bbox 1399 1423 1457 1476; x_wconf 91' lang='lat' dir='ltr'>aut</span> 
     </span>
     <span class='ocr_line' id='line_1_11' title="bbox 304 1513 1456 1594; baseline 0.004 -17"><span class='ocrx_word' id='word_1_73' title='bbox 304 1515 481 1579; x_wconf 90' lang='lat' dir='ltr'>authorum</span> <span class='ocrx_word' id='word_1_74' title='bbox 496 1513 657 1578; x_wconf 88' lang='lat' dir='ltr'>vocabula</span> <span class='ocrx_word' id='word_1_75' title='bbox 679 1516 842 1579; x_wconf 82' lang='lat' dir='ltr'>nonsatis</span> <span class='ocrx_word' id='word_1_76' title='bbox 864 1515 1074 1594; x_wconf 86' lang='lat' dir='ltr'>intellexisse,</span> <span class='ocrx_word' id='word_1_77' title='bbox 1090 1516 1178 1581; x_wconf 92' lang='lat' dir='ltr'>unde</span> <span class='ocrx_word' id='word_1_78' title='bbox 1197 1516 1240 1580; x_wconf 86' lang='lat' dir='ltr'>ad</span> <span class='ocrx_word' id='word_1_79' title='bbox 1264 1517 1456 1582; x_wconf 87' lang='lat' dir='ltr'>traditiones</span> 
     </span>
     <span class='ocr_line' id='line_1_12' title="bbox 304 1617 1456 1704; baseline 0.004 -23"><span class='ocrx_word' id='word_1_80' title='bbox 304 1629 338 1684; x_wconf 91' lang='lat' dir='ltr'>et</span> <span class='ocrx_word' id='word_1_81' title='bbox 361 1617 559 1683; x_wconf 87' lang='lat' dir='ltr'>auriculares</span> <span class='ocrx_word' id='word_1_82' title='bbox 588 1639 737 1682; x_wconf 88' lang='lat' dir='ltr'>susurros</span> <span class='ocrx_word' id='word_1_83' title='bbox 767 1620 916 1683; x_wconf 91' lang='lat' dir='ltr'>animum</span> <span class='ocrx_word' id='word_1_84' title='bbox 946 1619 1112 1704; x_wconf 86' lang='lat' dir='ltr'>applicat3</span> <span class='ocrx_word' id='word_1_85' title='bbox 1146 1631 1204 1684; x_wconf 91' lang='lat' dir='ltr'>aut</span> <span class='ocrx_word' id='word_1_86' title='bbox 1232 1621 1264 1683; x_wconf 92' lang='lat' dir='ltr'>in</span> <span class='ocrx_word' id='word_1_87' title='bbox 1291 1622 1456 1703; x_wconf 85' lang='lat' dir='ltr'>practicae</span> 
     </span>
     <span class='ocr_line' id='line_1_13' title="bbox 304 1721 1456 1806; baseline 0.003 -19"><span class='ocrx_word' id='word_1_88' title='bbox 304 1745 383 1787; x_wconf 89' lang='lat' dir='ltr'>suae</span> <span class='ocrx_word' id='word_1_89' title='bbox 407 1723 569 1806; x_wconf 90' lang='lat' dir='ltr'>scrupulis</span> <span class='ocrx_word' id='word_1_90' title='bbox 595 1732 628 1786; x_wconf 89' lang='lat' dir='ltr'>et</span> <span class='ocrx_word' id='word_1_91' title='bbox 656 1724 833 1786; x_wconf 89' lang='lat' dir='ltr'>momentis</span> <span class='ocrx_word' id='word_1_92' title='bbox 843 1721 871 1761; x_wconf 80' lang='lat'>⁴³</span> <span class='ocrx_word' id='word_1_93' title='bbox 895 1723 1022 1805; x_wconf 90' lang='lat' dir='ltr'>aliquid</span> <span class='ocrx_word' id='word_1_94' title='bbox 1053 1724 1234 1788; x_wconf 91' lang='lat' dir='ltr'>titubatum</span> <span class='ocrx_word' id='word_1_95' title='bbox 1260 1745 1341 1801; x_wconf 90' lang='lat' dir='ltr'>esse,</span> <span class='ocrx_word' id='word_1_96' title='bbox 1368 1726 1456 1790; x_wconf 92' lang='lat' dir='ltr'>unde</span> 
     </span>
     <span class='ocr_line' id='line_1_14' title="bbox 303 1827 1455 1917; baseline 0.002 -25"><span class='ocrx_word' id='word_1_97' title='bbox 303 1829 530 1913; x_wconf 91' lang='lat' dir='ltr'>experimenta</span> <span class='ocrx_word' id='word_1_98' title='bbox 560 1829 593 1891; x_wconf 93' lang='lat' dir='ltr'>in</span> <span class='ocrx_word' id='word_1_99' title='bbox 623 1827 787 1917; x_wconf 73' lang='lat' dir='ltr'>infinitum</span> <span class='ocrx_word' id='word_1_100' title='bbox 824 1830 962 1910; x_wconf 90' lang='lat' dir='ltr'>repetit:</span> <span class='ocrx_word' id='word_1_101' title='bbox 999 1848 1039 1893; x_wconf 92' lang='lat' dir='ltr'>ac</span> <span class='ocrx_word' id='word_1_102' title='bbox 1069 1829 1199 1892; x_wconf 89' lang='lat' dir='ltr'>interim</span> <span class='ocrx_word' id='word_1_103' title='bbox 1232 1848 1334 1911; x_wconf 93' lang='lat' dir='ltr'>quum</span> <span class='ocrx_word' id='word_1_104' title='bbox 1371 1830 1455 1894; x_wconf 90' lang='lat' dir='ltr'>inter</span> 
     </span>
     <span class='ocr_line' id='line_1_15' title="bbox 303 1932 1454 2016; baseline 0.001 -20"><span class='ocrx_word' id='word_1_105' title='bbox 303 1934 605 2015; x_wconf 87' lang='lat' dir='ltr'>experimentorum</span> <span class='ocrx_word' id='word_1_106' title='bbox 621 1943 728 1996; x_wconf 90' lang='lat' dir='ltr'>sortes</span> <span class='ocrx_word' id='word_1_107' title='bbox 745 1933 777 1995; x_wconf 93' lang='lat' dir='ltr'>in</span> <span class='ocrx_word' id='word_1_108' title='bbox 793 1933 956 2014; x_wconf 89' lang='lat' dir='ltr'>quaedam</span> <span class='ocrx_word' id='word_1_109' title='bbox 978 1932 1093 1998; x_wconf 87' lang='lat' dir='ltr'>incidit</span> <span class='ocrx_word' id='word_1_110' title='bbox 1108 1943 1166 1997; x_wconf 92' lang='lat' dir='ltr'>aut</span> <span class='ocrx_word' id='word_1_111' title='bbox 1182 1934 1254 2016; x_wconf 90' lang='lat' dir='ltr'>ipsa</span> <span class='ocrx_word' id='word_1_112' title='bbox 1270 1932 1353 1997; x_wconf 81' lang='lat' dir='ltr'>facie</span> <span class='ocrx_word' id='word_1_113' title='bbox 1369 1953 1454 1997; x_wconf 91' lang='lat' dir='ltr'>nova</span> 
     </span>
     <span class='ocr_line' id='line_1_16' title="bbox 303 2032 1453 2116; baseline 0 -20"><span class='ocrx_word' id='word_1_114' title='bbox 303 2044 361 2097; x_wconf 86' lang='lat' dir='ltr'>aut</span> <span class='ocrx_word' id='word_1_115' title='bbox 371 2033 514 2097; x_wconf 91' lang='lat' dir='ltr'>utilitate</span> <span class='ocrx_word' id='word_1_116' title='bbox 526 2052 591 2096; x_wconf 90' lang='lat' dir='ltr'>non</span> <span class='ocrx_word' id='word_1_117' title='bbox 604 2033 869 2111; x_wconf 82' lang='lat' dir='ltr'>contemnenda3</span> <span class='ocrx_word' id='word_1_118' title='bbox 893 2032 1083 2115; x_wconf 90' lang='lat' dir='ltr'>hujusmodi</span> <span class='ocrx_word' id='word_1_119' title='bbox 1099 2033 1294 2116; x_wconf 88' lang='lat' dir='ltr'>pignoribus</span> <span class='ocrx_word' id='word_1_120' title='bbox 1305 2034 1453 2097; x_wconf 88' lang='lat' dir='ltr'>animum</span> 
     </span>
     <span class='ocr_line' id='line_1_17' title="bbox 301 2137 1451 2221; baseline 0.003 -21"><span class='ocrx_word' id='word_1_121' title='bbox 301 2138 416 2219; x_wconf 91' lang='lat' dir='ltr'>pascit,</span> <span class='ocrx_word' id='word_1_122' title='bbox 446 2158 551 2220; x_wconf 89' lang='lat' dir='ltr'>eaque</span> <span class='ocrx_word' id='word_1_123' title='bbox 581 2137 614 2200; x_wconf 88' lang='lat' dir='ltr'>in</span> <span class='ocrx_word' id='word_1_124' title='bbox 649 2137 757 2219; x_wconf 85' lang='lat' dir='ltr'>majus</span> <span class='ocrx_word' id='word_1_125' title='bbox 792 2148 939 2202; x_wconf 88' lang='lat' dir='ltr'>ostentat</span> <span class='ocrx_word' id='word_1_126' title='bbox 970 2147 1004 2203; x_wconf 92' lang='lat' dir='ltr'>et</span> <span class='ocrx_word' id='word_1_127' title='bbox 1034 2137 1197 2203; x_wconf 89' lang='lat' dir='ltr'>celebrat:</span> <span class='ocrx_word' id='word_1_128' title='bbox 1235 2138 1362 2220; x_wconf 90' lang='lat' dir='ltr'>reliqua</span> <span class='ocrx_word' id='word_1_129' title='bbox 1391 2160 1451 2221; x_wconf 90' lang='lat' dir='ltr'>spe</span> 
     </span>
     <span class='ocr_line' id='line_1_18' title="bbox 302 2241 1450 2325; baseline 0.002 -21"><span class='ocrx_word' id='word_1_130' title='bbox 302 2251 474 2306; x_wconf 89' lang='lat' dir='ltr'>sustentat.</span> <span class='ocrx_word' id='word_1_131' title='bbox 535 2242 655 2324; x_wconf 90' lang='lat' dir='ltr'>Neque</span> <span class='ocrx_word' id='word_1_132' title='bbox 691 2253 802 2306; x_wconf 88' lang='lat' dir='ltr'>tamen</span> <span class='ocrx_word' id='word_1_133' title='bbox 834 2243 1021 2325; x_wconf 86' lang='lat' dir='ltr'>negandum</span> <span class='ocrx_word' id='word_1_134' title='bbox 1052 2252 1111 2320; x_wconf 90' lang='lat' dir='ltr'>est,</span> <span class='ocrx_word' id='word_1_135' title='bbox 1138 2241 1353 2324; x_wconf 88' lang='lat' dir='ltr'>alchymistas</span> <span class='ocrx_word' id='word_1_136' title='bbox 1386 2262 1450 2306; x_wconf 90' lang='lat' dir='ltr'>non</span> 
     </span>
     <span class='ocr_line' id='line_1_19' title="bbox 301 2345 1449 2428; baseline 0 -20"><span class='ocrx_word' id='word_1_137' title='bbox 301 2366 407 2428; x_wconf 91' lang='lat' dir='ltr'>pauca</span> <span class='ocrx_word' id='word_1_138' title='bbox 422 2346 590 2422; x_wconf 90' lang='lat' dir='ltr'>invenisse,</span> <span class='ocrx_word' id='word_1_139' title='bbox 605 2355 639 2409; x_wconf 93' lang='lat' dir='ltr'>et</span> <span class='ocrx_word' id='word_1_140' title='bbox 654 2345 793 2410; x_wconf 87' lang='lat' dir='ltr'>inventis</span> <span class='ocrx_word' id='word_1_141' title='bbox 808 2345 944 2410; x_wconf 89' lang='lat' dir='ltr'>utilibus</span> <span class='ocrx_word' id='word_1_142' title='bbox 960 2346 1112 2410; x_wconf 87' lang='lat' dir='ltr'>homines</span> <span class='ocrx_word' id='word_1_143' title='bbox 1130 2348 1280 2411; x_wconf 89' lang='lat' dir='ltr'>donasse.</span> <span class='ocrx_word' id='word_1_144' title='bbox 1325 2346 1449 2410; x_wconf 89' lang='lat' dir='ltr'>Verum</span> 
     </span>
     <span class='ocr_line' id='line_1_20' title="bbox 300 2446 1450 2532; baseline 0.003 -22"><span class='ocrx_word' id='word_1_145' title='bbox 300 2448 412 2513; x_wconf 88' lang='lat' dir='ltr'>sabula</span> <span class='ocrx_word' id='word_1_146' title='bbox 426 2446 518 2513; x_wconf 68' lang='grc' dir='ltr'>ἰΙΙει44</span> <span class='ocrx_word' id='word_1_147' title='bbox 535 2469 601 2513; x_wconf 92' lang='lat' dir='ltr'>non</span> <span class='ocrx_word' id='word_1_148' title='bbox 618 2449 704 2514; x_wconf 89' lang='lat' dir='ltr'>male</span> <span class='ocrx_word' id='word_1_149' title='bbox 719 2451 752 2512; x_wconf 90' lang='lat' dir='ltr'>in</span> <span class='ocrx_word' id='word_1_150' title='bbox 768 2448 843 2514; x_wconf 91' lang='lat' dir='ltr'>illos</span> <span class='ocrx_word' id='word_1_151' title='bbox 858 2450 1000 2532; x_wconf 91' lang='lat' dir='ltr'>quadrat</span> <span class='ocrx_word' id='word_1_152' title='bbox 1016 2451 1058 2514; x_wconf 92' lang='lat' dir='ltr'>de</span> <span class='ocrx_word' id='word_1_153' title='bbox 1073 2471 1160 2528; x_wconf 90' lang='lat' dir='ltr'>sene,</span> <span class='ocrx_word' id='word_1_154' title='bbox 1171 2451 1228 2532; x_wconf 92' lang='lat' dir='ltr'>qui</span> <span class='ocrx_word' id='word_1_155' title='bbox 1243 2450 1318 2514; x_wconf 90' lang='lat' dir='ltr'>filiis</span> <span class='ocrx_word' id='word_1_156' title='bbox 1334 2471 1450 2514; x_wconf 91' lang='lat' dir='ltr'>aurum</span> 
     </span>
     <span class='ocr_line' id='line_1_21' title="bbox 300 2551 1451 2640; baseline 0.003 -25"><span class='ocrx_word' id='word_1_157' title='bbox 300 2554 333 2615; x_wconf 90' lang='lat' dir='ltr'>in</span> <span class='ocrx_word' id='word_1_158' title='bbox 349 2554 444 2617; x_wconf 89' lang='lat' dir='ltr'>vinea</span> <span class='ocrx_word' id='word_1_159' title='bbox 468 2553 636 2619; x_wconf 81' lang='lat' dir='ltr'>defossum</span> <span class='ocrx_word' id='word_1_160' title='bbox 658 2551 730 2638; x_wconf 80' lang='lat' dir='ltr'>(sed</span> <span class='ocrx_word' id='word_1_161' title='bbox 754 2554 864 2618; x_wconf 91' lang='lat' dir='ltr'>locum</span> <span class='ocrx_word' id='word_1_162' title='bbox 884 2575 920 2618; x_wconf 92' lang='lat' dir='ltr'>se</span> <span class='ocrx_word' id='word_1_163' title='bbox 940 2555 1065 2620; x_wconf 87' lang='lat' dir='ltr'>nescire</span> <span class='ocrx_word' id='word_1_164' title='bbox 1085 2552 1257 2640; x_wconf 91' lang='lat' dir='ltr'>simulans)</span> <span class='ocrx_word' id='word_1_165' title='bbox 1272 2555 1451 2638; x_wconf 80' lang='lat' dir='ltr'>legaverit3</span> 
     </span>
     <span class='ocr_line' id='line_1_22' title="bbox 300 2657 1449 2743; baseline 0.003 -24"><span class='ocrx_word' id='word_1_166' title='bbox 300 2660 387 2723; x_wconf 91' lang='lat' dir='ltr'>unde</span> <span class='ocrx_word' id='word_1_167' title='bbox 411 2657 457 2720; x_wconf 92' lang='lat' dir='ltr'>illi</span> <span class='ocrx_word' id='word_1_168' title='bbox 480 2660 596 2722; x_wconf 90' lang='lat' dir='ltr'>vineae</span> <span class='ocrx_word' id='word_1_169' title='bbox 623 2658 799 2723; x_wconf 86' lang='lat' dir='ltr'>fodiendae</span> <span class='ocrx_word' id='word_1_170' title='bbox 821 2658 996 2743; x_wconf 89' lang='lat' dir='ltr'>diligenter</span> <span class='ocrx_word' id='word_1_171' title='bbox 1025 2658 1253 2732; x_wconf 89' lang='lat' dir='ltr'>incubuerunt,</span> <span class='ocrx_word' id='word_1_172' title='bbox 1276 2669 1311 2722; x_wconf 90' lang='lat' dir='ltr'>et</span> <span class='ocrx_word' id='word_1_173' title='bbox 1333 2679 1449 2722; x_wconf 90' lang='lat' dir='ltr'>aurum</span> 
     </span>
     <span class='ocr_line' id='line_1_23' title="bbox 298 2761 1449 2845; baseline 0 -20"><span class='ocrx_word' id='word_1_174' title='bbox 298 2763 432 2844; x_wconf 92' lang='lat' dir='ltr'>quidem</span> <span class='ocrx_word' id='word_1_175' title='bbox 460 2761 586 2825; x_wconf 88' lang='lat' dir='ltr'>nullum</span> <span class='ocrx_word' id='word_1_176' title='bbox 610 2771 785 2845; x_wconf 89' lang='lat' dir='ltr'>repertum,</span> <span class='ocrx_word' id='word_1_177' title='bbox 807 2764 865 2826; x_wconf 90' lang='lat' dir='ltr'>sed</span> <span class='ocrx_word' id='word_1_178' title='bbox 891 2762 1057 2827; x_wconf 90' lang='lat' dir='ltr'>vindemia</span> <span class='ocrx_word' id='word_1_179' title='bbox 1079 2784 1123 2826; x_wconf 90' lang='lat' dir='ltr'>ex</span> <span class='ocrx_word' id='word_1_180' title='bbox 1147 2783 1186 2826; x_wconf 89' lang='lat' dir='ltr'>ea</span> <span class='ocrx_word' id='word_1_181' title='bbox 1209 2762 1339 2827; x_wconf 89' lang='lat' dir='ltr'>cultura</span> <span class='ocrx_word' id='word_1_182' title='bbox 1363 2762 1449 2828; x_wconf 86' lang='lat' dir='ltr'>facta</span> 
     </span>
     <span class='ocr_line' id='line_1_24' title="bbox 298 2867 502 2931; baseline 0.01 -3"><span class='ocrx_word' id='word_1_183' title='bbox 298 2876 348 2931; x_wconf 90' lang='lat' dir='ltr'>est</span> <span class='ocrx_word' id='word_1_184' title='bbox 364 2867 502 2931; x_wconf 89' lang='lat' dir='ltr'>uberior.</span> 
     </span>
    </p>

    <p class='ocr_par' dir='ltr' id='par_1_4' title="bbox 296 2969 1449 3566">
     <span class='ocr_line' id='line_1_25' title="bbox 341 2969 1449 3054; baseline 0 -20"><span class='ocrx_word' id='word_1_185' title='bbox 341 2970 392 3037; x_wconf 90' lang='lat' dir='ltr'>At</span> <span class='ocrx_word' id='word_1_186' title='bbox 412 2969 570 3035; x_wconf 90' lang='lat' dir='ltr'>naturalis</span> <span class='ocrx_word' id='word_1_187' title='bbox 593 2972 723 3054; x_wconf 88' lang='lat' dir='ltr'>magiae</span> <span class='ocrx_word' id='word_1_188' title='bbox 735 2969 762 3010; x_wconf 79' lang='lat'>⁴⁵</span> <span class='ocrx_word' id='word_1_189' title='bbox 785 2971 937 3046; x_wconf 91' lang='lat' dir='ltr'>cultores,</span> <span class='ocrx_word' id='word_1_190' title='bbox 953 2971 1010 3053; x_wconf 90' lang='lat' dir='ltr'>qui</span> <span class='ocrx_word' id='word_1_191' title='bbox 1032 2991 1091 3053; x_wconf 91' lang='lat' dir='ltr'>per</span> <span class='ocrx_word' id='word_1_192' title='bbox 1114 2991 1222 3034; x_wconf 91' lang='lat' dir='ltr'>rerum</span> <span class='ocrx_word' id='word_1_193' title='bbox 1245 2971 1449 3053; x_wconf 87' lang='lat' dir='ltr'>sympathias</span> 
     </span>
     <span class='ocr_line' id='line_1_26' title="bbox 298 3075 1449 3159; baseline 0 -20"><span class='ocrx_word' id='word_1_194' title='bbox 298 3086 331 3139; x_wconf 91' lang='lat' dir='ltr'>et</span> <span class='ocrx_word' id='word_1_195' title='bbox 360 3076 561 3158; x_wconf 86' lang='lat' dir='ltr'>antipathias</span> <span class='ocrx_word' id='word_1_196' title='bbox 591 3077 701 3140; x_wconf 92' lang='lat' dir='ltr'>omnia</span> <span class='ocrx_word' id='word_1_197' title='bbox 740 3076 933 3159; x_wconf 90' lang='lat' dir='ltr'>expediunt,</span> <span class='ocrx_word' id='word_1_198' title='bbox 964 3097 1008 3139; x_wconf 92' lang='lat' dir='ltr'>ex</span> <span class='ocrx_word' id='word_1_199' title='bbox 1038 3075 1233 3157; x_wconf 87' lang='lat' dir='ltr'>conjecturis</span> <span class='ocrx_word' id='word_1_200' title='bbox 1270 3075 1385 3139; x_wconf 90' lang='lat' dir='ltr'>otiosis</span> <span class='ocrx_word' id='word_1_201' title='bbox 1416 3085 1449 3139; x_wconf 90' lang='lat' dir='ltr'>et</span> 
     </span>
     <span class='ocr_line' id='line_1_27' title="bbox 297 3179 1448 3263; baseline -0.003 -20"><span class='ocrx_word' id='word_1_202' title='bbox 297 3180 523 3261; x_wconf 92' lang='lat' dir='ltr'>supinissimis,</span> <span class='ocrx_word' id='word_1_203' title='bbox 538 3180 636 3244; x_wconf 91' lang='lat' dir='ltr'>rebus</span> <span class='ocrx_word' id='word_1_204' title='bbox 653 3182 793 3244; x_wconf 90' lang='lat' dir='ltr'>virtutes</span> <span class='ocrx_word' id='word_1_205' title='bbox 811 3191 844 3244; x_wconf 91' lang='lat' dir='ltr'>et</span> <span class='ocrx_word' id='word_1_206' title='bbox 863 3179 1074 3263; x_wconf 91' lang='lat' dir='ltr'>operationes</span> <span class='ocrx_word' id='word_1_207' title='bbox 1096 3179 1308 3242; x_wconf 87' lang='lat' dir='ltr'>admirabiles</span> <span class='ocrx_word' id='word_1_208' title='bbox 1329 3179 1448 3243; x_wconf 88' lang='lat' dir='ltr'>affinx-</span> 
     </span>
     <span class='ocr_line' id='line_1_28' title="bbox 297 3284 1448 3367; baseline -0.001 -19"><span class='ocrx_word' id='word_1_209' title='bbox 297 3295 414 3360; x_wconf 84' lang='lat' dir='ltr'>erunt3</span> <span class='ocrx_word' id='word_1_210' title='bbox 451 3293 551 3367; x_wconf 89' lang='lat' dir='ltr'>atque</span> <span class='ocrx_word' id='word_1_211' title='bbox 577 3286 604 3347; x_wconf 91' lang='lat' dir='ltr'>si</span> <span class='ocrx_word' id='word_1_212' title='bbox 633 3287 769 3367; x_wconf 91' lang='lat' dir='ltr'>quando</span> <span class='ocrx_word' id='word_1_213' title='bbox 799 3305 900 3367; x_wconf 89' lang='lat' dir='ltr'>opera</span> <span class='ocrx_word' id='word_1_214' title='bbox 930 3284 1153 3362; x_wconf 88' lang='lat' dir='ltr'>exhibuerint,</span> <span class='ocrx_word' id='word_1_215' title='bbox 1183 3304 1223 3347; x_wconf 92' lang='lat' dir='ltr'>ea</span> <span class='ocrx_word' id='word_1_216' title='bbox 1254 3284 1341 3346; x_wconf 92' lang='lat' dir='ltr'>illius</span> <span class='ocrx_word' id='word_1_217' title='bbox 1371 3294 1448 3347; x_wconf 89' lang='lat' dir='ltr'>sunt</span> 
     </span>
     <span class='ocr_line' id='line_1_29' title="bbox 296 3388 1447 3471; baseline -0.003 -19"><span class='ocrx_word' id='word_1_218' title='bbox 296 3389 434 3471; x_wconf 87' lang='lat' dir='ltr'>generis,</span> <span class='ocrx_word' id='word_1_219' title='bbox 457 3398 494 3452; x_wconf 93' lang='lat' dir='ltr'>ut</span> <span class='ocrx_word' id='word_1_220' title='bbox 516 3388 558 3452; x_wconf 90' lang='lat' dir='ltr'>ad</span> <span class='ocrx_word' id='word_1_221' title='bbox 586 3389 841 3452; x_wconf 87' lang='lat' dir='ltr'>admirationem</span> <span class='ocrx_word' id='word_1_222' title='bbox 869 3398 902 3452; x_wconf 89' lang='lat' dir='ltr'>et</span> <span class='ocrx_word' id='word_1_223' title='bbox 929 3388 1122 3463; x_wconf 89' lang='lat' dir='ltr'>novitatem,</span> <span class='ocrx_word' id='word_1_224' title='bbox 1151 3407 1217 3451; x_wconf 90' lang='lat' dir='ltr'>non</span> <span class='ocrx_word' id='word_1_225' title='bbox 1239 3388 1283 3450; x_wconf 92' lang='lat' dir='ltr'>ad</span> <span class='ocrx_word' id='word_1_226' title='bbox 1306 3388 1447 3450; x_wconf 84' lang='lat' dir='ltr'>fructum</span> 
     </span>
     <span class='ocr_line' id='line_1_30' title="bbox 296 3492 890 3566; baseline -0.005 -9"><span class='ocrx_word' id='word_1_227' title='bbox 296 3502 330 3557; x_wconf 94' lang='lat' dir='ltr'>et</span> <span class='ocrx_word' id='word_1_228' title='bbox 346 3492 533 3566; x_wconf 88' lang='lat' dir='ltr'>utilitatem,</span> <span class='ocrx_word' id='word_1_229' title='bbox 548 3495 802 3557; x_wconf 91' lang='lat' dir='ltr'>accommodata</span> <span class='ocrx_word' id='word_1_230' title='bbox 816 3493 890 3556; x_wconf 90' lang='lat' dir='ltr'>sint.</span> 
     </span>
    </p>

    <p class='ocr_par' dir='ltr' id='par_1_5' title="bbox 342 3591 1446 3679">
     <span class='ocr_line' id='line_1_31' title="bbox 342 3591 1446 3679; baseline -0.002 -20"><span class='ocrx_word' id='word_1_231' title='bbox 342 3596 380 3659; x_wconf 93' lang='lat' dir='ltr'>In</span> <span class='ocrx_word' id='word_1_232' title='bbox 401 3596 626 3678; x_wconf 89' lang='lat' dir='ltr'>superstitiosa</span> <span class='ocrx_word' id='word_1_233' title='bbox 645 3605 758 3659; x_wconf 90' lang='lat' dir='ltr'>autem</span> <span class='ocrx_word' id='word_1_234' title='bbox 781 3595 891 3678; x_wconf 88' lang='lat' dir='ltr'>magia</span> <span class='ocrx_word' id='word_1_235' title='bbox 900 3593 928 3632; x_wconf 78' lang='lat'>⁴⁶</span> <span class='ocrx_word' id='word_1_236' title='bbox 943 3593 984 3679; x_wconf 92' lang='lat' dir='ltr'>(si</span> <span class='ocrx_word' id='word_1_237' title='bbox 1002 3603 1035 3658; x_wconf 91' lang='lat' dir='ltr'>et</span> <span class='ocrx_word' id='word_1_238' title='bbox 1051 3595 1093 3658; x_wconf 95' lang='lat' dir='ltr'>de</span> <span class='ocrx_word' id='word_1_239' title='bbox 1113 3593 1175 3658; x_wconf 89' lang='lat' dir='ltr'>hac</span> <span class='ocrx_word' id='word_1_240' title='bbox 1191 3594 1368 3659; x_wconf 88' lang='lat' dir='ltr'>dicendum</span> <span class='ocrx_word' id='word_1_241' title='bbox 1390 3591 1446 3677; x_wconf 91' lang='lat' dir='ltr'>sit)</span> 
     </span>
    </p>
   </div>
   <div class='ocr_carea' id='block_1_3' title="bbox 293 3780 1445 4606">
    <p class='ocr_par' dir='ltr' id='par_1_6' title="bbox 331 3780 1445 3855">
     <span class='ocr_line' id='line_1_32' title="bbox 331 3780 1445 3855; baseline -0.003 -16"><span class='ocrx_word' id='word_1_242' title='bbox 331 3782 354 3814; x_wconf 82' lang='lat'>⁴²</span> <span class='ocrx_word' id='word_1_243' title='bbox 373 3787 423 3854; x_wconf 87' lang='lat' dir='ltr'>Cp.</span> <span class='ocrx_word' id='word_1_244' title='bbox 443 3785 532 3855; x_wconf 90' lang='lat' dir='ltr'>Aphs.</span> <span class='ocrx_word' id='word_1_245' title='bbox 553 3796 586 3852; x_wconf 83' lang='lat'>54</span> <span class='ocrx_word' id='word_1_246' title='bbox 601 3784 659 3838; x_wconf 89' lang='lat' dir='ltr'>and</span> <span class='ocrx_word' id='word_1_247' title='bbox 678 3797 722 3852; x_wconf 85' lang='lat'>73,</span> <span class='ocrx_word' id='word_1_248' title='bbox 740 3785 797 3838; x_wconf 89' lang='lat' dir='ltr'>and</span> <span class='ocrx_word' id='word_1_249' title='bbox 817 3785 862 3839; x_wconf 91' lang='lat' dir='ltr'>De</span> <span class='ocrx_word' id='word_1_250' title='bbox 874 3783 1049 3852; x_wconf 84' lang='lat' dir='ltr'>Augmentis,</span> <span class='ocrx_word' id='word_1_251' title='bbox 1069 3782 1115 3836; x_wconf 90' lang='lat' dir='ltr'>lib.</span> <span class='ocrx_word' id='word_1_252' title='bbox 1137 3780 1153 3835; x_wconf 94' lang='lat' dir='ltr'>i.</span> <span class='ocrx_word' id='word_1_253' title='bbox 1173 3781 1217 3852; x_wconf 87' lang='lat' dir='ltr'>(E.</span> <span class='ocrx_word' id='word_1_254' title='bbox 1235 3782 1292 3836; x_wconf 90' lang='lat' dir='ltr'>and</span> <span class='ocrx_word' id='word_1_255' title='bbox 1309 3783 1347 3850; x_wconf 92' lang='lat' dir='ltr'>S.,</span> <span class='ocrx_word' id='word_1_256' title='bbox 1361 3783 1415 3835; x_wconf 89' lang='lat' dir='ltr'>vol.</span> <span class='ocrx_word' id='word_1_257' title='bbox 1429 3781 1445 3836; x_wconf 94' lang='lat' dir='ltr'>i.</span> 
     </span>
    </p>

    <p class='ocr_par' dir='ltr' id='par_1_7' title="bbox 295 3945 1445 4105">
     <span class='ocr_line' id='line_1_33' title="bbox 330 3945 1445 4022; baseline -0.004 -16"><span class='ocrx_word' id='word_1_258' title='bbox 330 3949 352 3982; x_wconf 82' lang='lat'>⁴³</span> <span class='ocrx_word' id='word_1_259' title='bbox 371 3953 418 4006; x_wconf 89' lang='lat' dir='ltr'>He</span> <span class='ocrx_word' id='word_1_260' title='bbox 431 3968 566 4022; x_wconf 88' lang='lat' dir='ltr'>supposes</span> <span class='ocrx_word' id='word_1_261' title='bbox 576 3952 636 4006; x_wconf 89' lang='lat' dir='ltr'>that</span> <span class='ocrx_word' id='word_1_262' title='bbox 649 3951 685 4006; x_wconf 89' lang='lat' dir='ltr'>he</span> <span class='ocrx_word' id='word_1_263' title='bbox 697 3951 749 4005; x_wconf 85' lang='lat' dir='ltr'>has</span> <span class='ocrx_word' id='word_1_264' title='bbox 762 3951 845 4005; x_wconf 87' lang='lat' dir='ltr'>made</span> <span class='ocrx_word' id='word_1_265' title='bbox 857 3967 936 4005; x_wconf 89' lang='lat' dir='ltr'>some</span> <span class='ocrx_word' id='word_1_266' title='bbox 947 3949 1067 4004; x_wconf 84' lang='lat' dir='ltr'>mistalre</span> <span class='ocrx_word' id='word_1_267' title='bbox 1080 3948 1169 4004; x_wconf 85' lang='lat' dir='ltr'>either</span> <span class='ocrx_word' id='word_1_268' title='bbox 1181 3947 1208 4002; x_wconf 92' lang='lat' dir='ltr'>in</span> <span class='ocrx_word' id='word_1_269' title='bbox 1221 3945 1367 4018; x_wconf 83' lang='lat' dir='ltr'>weighing‚</span> <span class='ocrx_word' id='word_1_270' title='bbox 1376 3965 1408 4004; x_wconf 90' lang='lat' dir='ltr'>or</span> <span class='ocrx_word' id='word_1_271' title='bbox 1417 3947 1445 4002; x_wconf 89' lang='lat' dir='ltr'>in</span> 
     </span>
     <span class='ocr_line' id='line_1_34' title="bbox 295 4033 1095 4105; baseline -0.005 -15"><span class='ocrx_word' id='word_1_272' title='bbox 295 4035 428 4105; x_wconf 87' lang='lat' dir='ltr'>selecting</span> <span class='ocrx_word' id='word_1_273' title='bbox 440 4037 487 4090; x_wconf 88' lang='lat' dir='ltr'>the</span> <span class='ocrx_word' id='word_1_274' title='bbox 504 4051 607 4105; x_wconf 90' lang='lat' dir='ltr'>proper</span> <span class='ocrx_word' id='word_1_275' title='bbox 619 4043 744 4088; x_wconf 89' lang='lat' dir='ltr'>moment</span> <span class='ocrx_word' id='word_1_276' title='bbox 757 4035 800 4088; x_wconf 85' lang='lat' dir='ltr'>ior</span> <span class='ocrx_word' id='word_1_277' title='bbox 812 4034 856 4089; x_wconf 90' lang='lat' dir='ltr'>his</span> <span class='ocrx_word' id='word_1_278' title='bbox 869 4033 1095 4105; x_wconf 86' lang='lat' dir='ltr'>manipulations.</span> 
     </span>
    </p>

    <p class='ocr_par' dir='ltr' id='par_1_8' title="bbox 329 4115 1374 4185">
     <span class='ocr_line' id='line_1_35' title="bbox 329 4115 1374 4185; baseline -0.007 -11"><span class='ocrx_word' id='word_1_279' title='bbox 329 4118 351 4149; x_wconf 85' lang='lat'>⁴⁴</span> <span class='ocrx_word' id='word_1_280' title='bbox 369 4121 430 4174; x_wconf 89' lang='lat' dir='ltr'>The</span> <span class='ocrx_word' id='word_1_281' title='bbox 444 4120 531 4174; x_wconf 89' lang='lat' dir='ltr'>Fable</span> <span class='ocrx_word' id='word_1_282' title='bbox 544 4118 576 4173; x_wconf 85' lang='lat' dir='ltr'>of</span> <span class='ocrx_word' id='word_1_283' title='bbox 582 4119 629 4172; x_wconf 85' lang='lat' dir='ltr'>the</span> <span class='ocrx_word' id='word_1_284' title='bbox 643 4118 746 4172; x_wconf 74' lang='lat' dir='ltr'>father</span> <span class='ocrx_word' id='word_1_285' title='bbox 758 4118 815 4171; x_wconf 91' lang='lat' dir='ltr'>and</span> <span class='ocrx_word' id='word_1_286' title='bbox 827 4116 872 4172; x_wconf 90' lang='lat' dir='ltr'>his</span> <span class='ocrx_word' id='word_1_287' title='bbox 885 4119 969 4185; x_wconf 87' lang='lat' dir='ltr'>Sons,</span> <span class='ocrx_word' id='word_1_288' title='bbox 981 4117 1029 4171; x_wconf 85' lang='lat' dir='ltr'>‘as</span> <span class='ocrx_word' id='word_1_289' title='bbox 1042 4115 1211 4185; x_wconf 86' lang='lat' dir='ltr'>inculcating</span> <span class='ocrx_word' id='word_1_290' title='bbox 1226 4115 1374 4184; x_wconf 86' lang='lat' dir='ltr'>Industry.’</span> 
     </span>
    </p>

    <p class='ocr_par' dir='ltr' id='par_1_9' title="bbox 329 4200 1063 4272">
     <span class='ocr_line' id='line_1_36' title="bbox 329 4200 1063 4272; baseline -0.007 -13"><span class='ocrx_word' id='word_1_291' title='bbox 329 4201 351 4234; x_wconf 77' lang='lat'>⁴⁸</span> <span class='ocrx_word' id='word_1_292' title='bbox 370 4204 425 4259; x_wconf 89' lang='lat' dir='ltr'>See</span> <span class='ocrx_word' id='word_1_293' title='bbox 436 4203 583 4257; x_wconf 90' lang='lat' dir='ltr'>note60n</span> <span class='ocrx_word' id='word_1_294' title='bbox 594 4202 668 4272; x_wconf 90' lang='lat' dir='ltr'>Aph.</span> <span class='ocrx_word' id='word_1_295' title='bbox 683 4213 707 4270; x_wconf 82' lang='lat'>5,</span> <span class='ocrx_word' id='word_1_296' title='bbox 720 4201 777 4255; x_wconf 89' lang='lat' dir='ltr'>and</span> <span class='ocrx_word' id='word_1_297' title='bbox 790 4218 833 4271; x_wconf 88' lang='lat' dir='ltr'>cp.</span> <span class='ocrx_word' id='word_1_298' title='bbox 846 4203 898 4256; x_wconf 90' lang='lat' dir='ltr'>Bk.</span> <span class='ocrx_word' id='word_1_299' title='bbox 912 4200 938 4255; x_wconf 92' lang='lat' dir='ltr'>ii.</span> <span class='ocrx_word' id='word_1_300' title='bbox 952 4201 1025 4270; x_wconf 87' lang='lat' dir='ltr'>Aph.</span> <span class='ocrx_word' id='word_1_301' title='bbox 1038 4214 1063 4268; x_wconf 89' lang='lat'>9.</span> 
     </span>
    </p>

    <p class='ocr_par' dir='ltr' id='par_1_10' title="bbox 293 4280 1444 4606">
     <span class='ocr_line' id='line_1_37' title="bbox 329 4280 1443 4359; baseline -0.004 -18"><span class='ocrx_word' id='word_1_302' title='bbox 329 4285 351 4317; x_wconf 80' lang='lat'>⁴⁸</span> <span class='ocrx_word' id='word_1_303' title='bbox 370 4286 588 4357; x_wconf 89' lang='lat' dir='ltr'>‘Superstitious</span> <span class='ocrx_word' id='word_1_304' title='bbox 608 4284 717 4354; x_wconf 85' lang='lat' dir='ltr'>Magic&#39;</span> <span class='ocrx_word' id='word_1_305' title='bbox 743 4287 839 4339; x_wconf 89' lang='lat' dir='ltr'>Bacon</span> <span class='ocrx_word' id='word_1_306' title='bbox 858 4285 958 4352; x_wconf 91' lang='lat' dir='ltr'>would,</span> <span class='ocrx_word' id='word_1_307' title='bbox 980 4284 1012 4338; x_wconf 86' lang='lat' dir='ltr'>of</span> <span class='ocrx_word' id='word_1_308' title='bbox 1038 4301 1144 4352; x_wconf 90' lang='lat' dir='ltr'>course,</span> <span class='ocrx_word' id='word_1_309' title='bbox 1170 4283 1325 4359; x_wconf 85' lang='lat' dir='ltr'>altogether</span> <span class='ocrx_word' id='word_1_310' title='bbox 1349 4280 1443 4352; x_wconf 85' lang='lat' dir='ltr'>reject,</span> 
     </span>
     <span class='ocr_line' id='line_1_38' title="bbox 293 4365 1444 4441; baseline -0.005 -15"><span class='ocrx_word' id='word_1_311' title='bbox 293 4371 401 4441; x_wconf 86' lang='lat' dir='ltr'>though</span> <span class='ocrx_word' id='word_1_312' title='bbox 421 4371 540 4424; x_wconf 83' lang='lat' dir='ltr'>Natural</span> <span class='ocrx_word' id='word_1_313' title='bbox 560 4369 663 4438; x_wconf 86' lang='lat' dir='ltr'>Magic,</span> <span class='ocrx_word' id='word_1_314' title='bbox 677 4368 705 4422; x_wconf 91' lang='lat' dir='ltr'>in</span> <span class='ocrx_word' id='word_1_315' title='bbox 724 4385 742 4422; x_wconf 93' lang='lat' dir='ltr'>a</span> <span class='ocrx_word' id='word_1_316' title='bbox 760 4369 877 4438; x_wconf 85' lang='lat' dir='ltr'>purified</span> <span class='ocrx_word' id='word_1_317' title='bbox 895 4368 974 4435; x_wconf 80' lang='lat' dir='ltr'>form,</span> <span class='ocrx_word' id='word_1_318' title='bbox 993 4368 1030 4422; x_wconf 93' lang='lat' dir='ltr'>he</span> <span class='ocrx_word' id='word_1_319' title='bbox 1046 4367 1137 4422; x_wconf 86' lang='lat' dir='ltr'>would</span> <span class='ocrx_word' id='word_1_320' title='bbox 1154 4366 1242 4421; x_wconf 89' lang='lat' dir='ltr'>admit</span> <span class='ocrx_word' id='word_1_321' title='bbox 1256 4383 1288 4420; x_wconf 81' lang='lat' dir='ltr'>as</span> <span class='ocrx_word' id='word_1_322' title='bbox 1303 4384 1320 4420; x_wconf 90' lang='lat' dir='ltr'>a</span> <span class='ocrx_word' id='word_1_323' title='bbox 1337 4365 1444 4420; x_wconf 89' lang='lat' dir='ltr'>branch</span> 
     </span>
     <span class='ocr_line' id='line_1_39' title="bbox 293 4449 1443 4522; baseline -0.006 -13"><span class='ocrx_word' id='word_1_324' title='bbox 293 4453 326 4509; x_wconf 83' lang='lat' dir='ltr'>os</span> <span class='ocrx_word' id='word_1_325' title='bbox 334 4455 382 4509; x_wconf 87' lang='lat' dir='ltr'>the</span> <span class='ocrx_word' id='word_1_326' title='bbox 395 4453 548 4508; x_wconf 89' lang='lat' dir='ltr'>‘Doctrina</span> <span class='ocrx_word' id='word_1_327' title='bbox 557 4451 708 4522; x_wconf 84' lang='lat' dir='ltr'>Operativa</span> <span class='ocrx_word' id='word_1_328' title='bbox 718 4453 754 4507; x_wconf 87' lang='lat' dir='ltr'>de</span> <span class='ocrx_word' id='word_1_329' title='bbox 764 4453 889 4520; x_wconf 81' lang='lat' dir='ltr'>Natura3</span> <span class='ocrx_word' id='word_1_330' title='bbox 900 4453 907 4476; x_wconf 91' lang='lat'><strong>’</strong></span> <span class='ocrx_word' id='word_1_331' title='bbox 919 4449 1082 4508; x_wconf 89' lang='lat' dir='ltr'>Mechanics</span> <span class='ocrx_word' id='word_1_332' title='bbox 1092 4450 1176 4520; x_wconf 87' lang='lat' dir='ltr'>being</span> <span class='ocrx_word' id='word_1_333' title='bbox 1183 4452 1231 4506; x_wconf 89' lang='lat' dir='ltr'>the</span> <span class='ocrx_word' id='word_1_334' title='bbox 1239 4451 1320 4506; x_wconf 87' lang='lat' dir='ltr'>other</span> <span class='ocrx_word' id='word_1_335' title='bbox 1328 4450 1443 4504; x_wconf 89' lang='lat' dir='ltr'>brancb.</span> 
     </span>
     <span class='ocr_line' id='line_1_40' title="bbox 294 4535 814 4606; baseline -0.004 -14"><span class='ocrx_word' id='word_1_336' title='bbox 294 4538 348 4593; x_wconf 90' lang='lat' dir='ltr'>See</span> <span class='ocrx_word' id='word_1_337' title='bbox 361 4539 406 4592; x_wconf 88' lang='lat' dir='ltr'>De</span> <span class='ocrx_word' id='word_1_338' title='bbox 418 4537 592 4606; x_wconf 85' lang='lat' dir='ltr'>Augmentis,</span> <span class='ocrx_word' id='word_1_339' title='bbox 605 4535 651 4591; x_wconf 89' lang='lat' dir='ltr'>lib.</span> <span class='ocrx_word' id='word_1_340' title='bbox 665 4535 702 4590; x_wconf 91' lang='lat' dir='ltr'>iii.</span> <span class='ocrx_word' id='word_1_341' title='bbox 716 4553 776 4606; x_wconf 91' lang='lat' dir='ltr'>cap.</span> <span class='ocrx_word' id='word_1_342' title='bbox 791 4549 814 4605; x_wconf 80' lang='grc' dir='ltr'>ς.</span> 
     </span>
    </p>
   </div>
   <div class='ocr_carea' id='block_1_4' title="bbox 1647 885 1654 1228">
    <p class='ocr_par' dir='ltr' id='par_1_11' title="bbox 1647 831 1654 1242">
     <span class='ocr_line' id='line_1_41' title="bbox 1647 885 1654 1228; baseline 0 -374"><span class='ocrx_word' id='word_1_343' title='bbox 1647 885 1654 1228; x_wconf 69' lang='lat'>,</span> 
     </span>
    </p>
   </div>
   <div class='ocr_carea' id='block_1_5' title="bbox 0 0 1684 5152">
    <p class='ocr_par' dir='ltr' id='par_1_12' title="bbox 0 0 1684 5152">
     <span class='ocr_line' id='line_1_42' title="bbox 0 0 1684 5152; baseline 0 6"><span class='ocrx_word' id='word_1_344' title='bbox 0 0 1684 5152; x_wconf 95' lang='lat' dir='ltr'> </span> 
     </span>
    </p>
   </div>
  </div>
 </body>
</html>
