3358 5152
311 369 375 438 312
691 356 849 412 novun
870 355 1089 414 onoarvun.

311 529 374 592 bus
394 525 437 588 ad
458 545 532 589 eam
553 522 705 600 reductis,
722 533 757 586 ut
782 542 848 586 non
872 520 930 586 fiat
952 521 1067 586 scissio
1089 530 1123 586 et
1145 519 1308 584 truncatio
1331 519 1461 585 scienti·

312 649 426 705 arum;
448 648 524 692 nam
540 628 640 692 etiam
656 627 782 709 absque
796 627 860 691 hoc
881 626 990 690 minus
1005 627 1049 690 de
1064 645 1239 710 progressu
1260 626 1460 707 sperandum

312 742 373 798 est.

826 834 954 900 CVIII.

356 975 474 1060 Atque
491 976 534 1040 de
552 973 783 1058 desperatione
804 973 953 1038 tollenda
968 983 1002 1038 et
1017 994 1077 1057 spe
1097 973 1256 1049 iacienda,
1272 995 1316 1037 ex
1335 982 1464 1056 praete·

314 1081 369 1145 riti
382 1080 542 1162 temporis
557 1079 719 1143 erroribus
732 1078 842 1141 valere
855 1077 956 1161 jussis
971 1088 1027 1141 aut
1044 1077 1238 1157 rectificatis,
1250 1078 1321 1160 jam
1338 1078 1464 1142 dictum

314 1195 374 1250 est.
417 1184 608 1248 Videndum
624 1192 736 1246 autem
753 1191 786 1247 et
803 1182 830 1246 si
847 1203 933 1266 quae
947 1180 1012 1246 alia
1033 1183 1098 1247 sint
1113 1202 1199 1264 quae
1219 1202 1312 1266 spem
1333 1182 1464 1247 iaciant.

316 1287 403 1352 lllud
425 1308 503 1352 vero
525 1287 686 1365 occurrit3
708 1289 736 1351 si
758 1286 948 1350 hominibus
970 1306 1036 1350 non
1055 1286 1298 1369 quaerentibus,
1319 1296 1352 1350 et
1374 1285 1464 1350 aliud

316 1392 502 1476 agentibus,
526 1390 630 1456 multa
657 1389 759 1467 utilia,
786 1401 946 1474 tanquam
973 1411 1050 1454 casu
1077 1391 1222 1473 quodam
1249 1399 1308 1454 aut
1330 1410 1388 1473 per
1410 1411 1465 1454 oc·

315 1498 493 1572 casionem,
523 1495 657 1560 inventa
691 1495 782 1571 sint3
818 1495 941 1558 nemini
972 1494 1109 1557 dubium
1148 1515 1220 1558 esse
1250 1515 1356 1577 posse,
1388 1495 1465 1575 quin

316 1600 432 1667 iisdem
458 1600 693 1684 quaerentibus
719 1608 753 1663 et
778 1599 842 1663 hoc
873 1597 1056 1681 agentibus,
1083 1598 1181 1680 idque
1207 1598 1259 1661 via
1284 1607 1317 1661 et
1343 1598 1466 1675 ordine,

316 1726 384 1770 non
415 1704 541 1786 impetu
571 1714 604 1768 et
636 1702 823 1780 desultorie,
854 1702 953 1787 longe
984 1701 1078 1784 plura
1109 1702 1219 1785 detegi
1251 1722 1384 1766 necesse
1413 1700 1467 1766 sit.

319 1808 414 1874 Licet
434 1808 522 1872 enim
545 1805 646 1872 semel
669 1817 727 1872 aut
751 1807 869 1872 iterum
893 1808 1041 1871 accidere
1064 1807 1178 1891 possit,
1194 1816 1231 1870 ut
1252 1805 1416 1890 quispiam
1432 1805 1466 1868 in

318 1915 352 1978 id
375 1913 461 1978 sorte
483 1911 614 1977 fortuna
638 1912 767 1989 incidat,
785 1914 876 1994 quod
900 1931 1022 1994 magno
1044 1921 1165 1976 conatu
1187 1921 1221 1974 et
1244 1911 1286 1974 de
1309 1910 1467 1974 industria

317 2025 519 2084 scrutantem
537 2025 635 2081 antea
656 2015 760 2098 lugit3
781 2026 895 2080 tamen
918 2016 951 2078 in
971 2035 1101 2079 summa
1122 2035 1230 2078 rerum
1248 2012 1468 2098 proculdubio

316 2121 516 2186 contrarium
543 2120 714 2184 invenitur.
762 2119 881 2202 ltaque
905 2117 1005 2202 longe
1028 2117 1122 2201 plura
1145 2127 1178 2182 et
1201 2118 1345 2195 meliora,
1367 2126 1469 2200 atque

318 2245 377 2310 per
400 2225 527 2288 minora
551 2223 731 2299 intervalla,
749 2245 769 2288 a
788 2224 914 2288 ratione
937 2233 971 2287 et
996 2222 1157 2286 industria
1178 2232 1212 2286 et
1234 2223 1412 2286 directione
1434 2230 1469 2285 et

320 2329 502 2393 intentione
523 2328 695 2393 homiuum
718 2329 881 2411 speranda
903 2339 988 2402 sunt,
1005 2348 1106 2410 quam
1121 2349 1142 2390 a
1157 2347 1234 2390 casu
1258 2336 1291 2391 et
1312 2327 1469 2392 instinctu

319 2431 511 2498 animalium
534 2442 569 2497 et
591 2431 790 2514 hujusmodi,
814 2452 901 2513 quae
926 2431 1085 2497 hactenus
1108 2432 1303 2515 principium
1329 2431 1470 2495 inventis

319 2537 491 2601 dederunt.

851 2639 944 2705 CIX.

364 2778 479 2842 Etiam
496 2776 575 2842 illud
591 2779 634 2842 ad
650 2799 742 2862 spem
756 2779 840 2844 trahi
857 2778 972 2863 possit,
986 2778 1075 2860 quod
1093 2777 1251 2846 nonnulla
1266 2800 1310 2843 ex
1325 2779 1471 2863 hisquae

318 2883 389 2966 jam
412 2883 545 2947 inventa
567 2893 643 2946 sunt
665 2882 735 2963 ejus
758 2883 823 2946 sint
847 2882 975 2966 generis
991 2893 1027 2948 ut
1050 2891 1228 2966 antequam
1252 2883 1473 2948 invenirentur

321 2987 411 3051 haud
436 2986 531 3052 facile
561 2988 714 3069 cuiquam
737 2987 770 3050 in
794 2999 938 3051 mentem
965 2987 1108 3051 venisset
1132 2988 1173 3051 de
1195 2987 1233 3050 iis
1255 2987 1380 3069 aliquid
1403 3007 1473 3052 sus-

322 3091 447 3174 picari;
487 3092 546 3154 sed
576 3090 674 3173 plane
704 3091 777 3173 quis
808 3090 863 3156 illa
895 3101 931 3156 ut
962 3088 1178 3176 impossibilia
1211 3091 1473 3173 contempsisset.

324 3194 441 3258 Solent
461 3194 547 3257 enim
568 3193 719 3260 homines
739 3197 781 3259 de
802 3197 899 3260 rebus
922 3195 1016 3259 novis
1036 3196 1079 3258 ad
1099 3193 1292 3278 exemplum
1315 3205 1473 3274 veterum,

323 3309 357 3362 et
380 3299 563 3363 secundum
593 3298 800 3382 phantasiam
824 3320 869 3363 ex
893 3300 930 3363 iis
961 3309 1173 3383 praeceptam
1200 3308 1234 3362 et
1261 3299 1474 3382 inquinatam,

324 3402 497 3479 hariolari3
531 3403 621 3485 quod
651 3423 754 3486 genus
784 3404 943 3486 opinandi
973 3402 1218 3468 fallacissimum
1242 3412 1302 3480 est,
1325 3405 1473 3486 quando-

326 3624 501 3696 Aphorisms,
511 3623 590 3678 there
603 3640 694 3678 seems
705 3633 734 3678 to
746 3623 782 3680 be
794 3642 872 3680 some
885 3624 1029 3680 confusion
1039 3625 1165 3680 between
1175 3626 1294 3680 Natural
1305 3624 1476 3694 Philosophy

326 3708 383 3763 and
401 3708 451 3761 the
472 3706 653 3776 Philosophia
672 3707 774 3763 Prima.
811 3709 873 3764 The
892 3710 1054 3779 metaphors
1073 3708 1187 3764 ‘scissio
1204 3718 1232 3763 et
1250 3707 1403 3763 truncatio’
1417 3725 1475 3764 cer-

327 3790 415 3859 tainly
427 3790 513 3860 apply
528 3800 558 3844 to
577 3790 625 3844 the
645 3789 826 3861 Philosophia
845 3790 948 3858 Prima,
967 3809 999 3846 as
1019 3791 1166 3846 described
1188 3791 1216 3845 in
1237 3793 1281 3846 De
1300 3791 1475 3860 Augmentis,

326 3874 374 3929 lib.
388 3873 424 3927 iii.
436 3891 498 3943 cap.
514 3887 535 3941 1,
549 3874 642 3929 rather
653 3874 721 3928 than
734 3885 763 3928 to
777 3876 896 3929 Natural
911 3874 1090 3944 Philosophy,
1103 3891 1135 3928 as
1148 3873 1294 3929 described
1311 3874 1339 3928 in
1352 3875 1400 3930 the
1413 3875 1476 3930 sub-

327 3967 443 4028 sequent
455 3957 585 4026 chapters
598 3956 631 4010 ol
637 3956 686 4012 the
698 3973 776 4012 same
789 3958 876 4012 Book.

364 4040 403 4095 Ol
413 4040 461 4094 the
470 4039 580 4109 justice,
594 4040 728 4107 however,
741 4041 773 4094 of
783 4040 903 4096 Bacon’s
916 4042 1036 4110 remark,
1049 4041 1106 4095 and
1119 4041 1151 4095 of
1164 4040 1199 4096 its
1216 4058 1345 4110 supreme
1361 4041 1477 4112 import-

327 4141 406 4191 ance,
424 4123 503 4177 there
521 4140 573 4177 can
592 4123 627 4176 be
645 4140 683 4176 no
700 4124 796 4178 doubt.
832 4125 894 4179 The
912 4125 1012 4180 results
1030 4125 1061 4179 ol
1078 4125 1127 4180 the
1145 4126 1257 4180 labours
1275 4124 1306 4179 os
1324 4125 1477 4195 specialists

327 4204 435 4276 require
447 4214 476 4260 to
488 4206 522 4261 be
535 4206 670 4274 gathered
682 4208 808 4275 together
821 4208 879 4262 into
891 4225 944 4264 one
961 4209 1079 4277 science,
1091 4209 1148 4262 and
1165 4209 1213 4264 the
1225 4209 1336 4263 various
1353 4209 1477 4264 sciences

327 4289 496 4344 themselves
515 4297 545 4343 to
561 4290 596 4343 be
615 4291 766 4359 compared
783 4291 839 4345 and
856 4291 976 4360 brought
994 4291 1052 4347 into
1070 4293 1216 4361 hamony,
1230 4292 1253 4346 il
1267 4293 1371 4346 human
1383 4293 1477 4347 know-

328 4373 410 4440 ledge
429 4371 452 4425 is
470 4382 499 4426 to
518 4389 647 4441 progress
666 4389 698 4427 as
716 4373 835 4427 awhole
854 4373 911 4427 and
923 4391 964 4429 we
983 4391 1030 4429 are
1049 4385 1078 4429 to
1096 4377 1247 4430 command
1266 4394 1283 4430 a
1301 4377 1358 4431 real
1375 4375 1477 4446 insight

328 4455 387 4509 into
400 4453 447 4509 the
461 4471 535 4523 ways
548 4455 580 4509 ol
589 4466 694 4510 nature.
