3308 5152
545 1137 1033 1234 SERENISSIMO

440 1341 1124 1452 POTENTISSIMOQUE

477 1529 718 1606 PRINClPl
758 1531 831 1604 AC
870 1531 1101 1606 DOMINO

687 1708 894 1789 NOSTRO,

613 1871 637 1974 J
656 1873 703 1964 Α
721 1869 763 1966 C
780 1871 881 1966 OB
899 1871 958 1978 Ο,

636 2049 720 2112 ont
753 2048 941 2113 onnrrn

435 2208 698 2275 MAGNAE
731 2211 1142 2289 BRITANNIAE,

526 2391 691 2468 Franciae‚
708 2402 742 2456 et
759 2392 940 2457 Hiberniae
956 2393 1052 2476 Regi,

599 2573 709 2636 From
724 2572 910 2656 Dgsmsori,
924 2583 978 2636 etc.

212 2827 430 2892 serenissime
452 2829 741 2910 Potentissimequc
761 2829 843 2908 Rex,

258 2949 422 3012 POTER1T
451 2950 588 3014 sortasse
621 2949 781 3031 Majestas
811 2960 869 3014 tua
899 2972 952 3015 me
978 2951 1055 3014 furti
1087 2951 1242 3026 incusare,
1273 2951 1363 3033 quod

214 3063 342 3116 tantum
360 3054 519 3136 temporis
534 3064 695 3136 quantum
714 3054 757 3116 ad
773 3053 855 3118 haec
870 3055 1009 3118 sufficiat
1026 3055 1165 3138 negotiis
1180 3056 1246 3118 tuis
1261 3054 1362 3118 suffu-

213 3167 302 3220 ratus
317 3158 390 3220 sim.
436 3157 514 3220 Non
537 3156 646 3221 habeo
669 3159 760 3239 quod
782 3159 900 3222 dicam·
945 3159 1121 3241 Temporis
1139 3160 1226 3222 enim
1243 3180 1311 3222 non
1328 3159 1364 3222 fit

213 3262 377 3325 restitutio
389 3283 396 3334 3
420 3261 482 3324 nisi
496 3262 580 3324 sorte
591 3262 681 3343 quod
694 3262 880 3325 detractum
899 3261 913 3323 l
911 3264 994 3325 uerit
1010 3265 1168 3344 temporis
1180 3264 1277 3327 rebus
1288 3264 1364 3338 tuis,

213 3364 246 3428 id
263 3366 440 3428 memoriae
454 3365 596 3429 nominis
611 3365 660 3428 tui
682 3375 715 3428 et
729 3365 845 3428 honori
861 3365 981 3429 saeculi
997 3367 1046 3430 tui
1063 3367 1175 3447 reponi
1189 3369 1312 3448 possit;
1337 3369 1364 3431 si

214 3470 315 3532 modo
341 3468 423 3532 haec
452 3467 589 3549 alicujus
614 3469 680 3531 sint
706 3469 811 3551 pretii.
866 3467 952 3532 Sunt
979 3479 1067 3533 certe
1096 3491 1229 3552 prorsus
1257 3492 1365 3546 nova;

214 3574 314 3636 etiam
331 3582 406 3636 toto
429 3594 568 3656 genere:
592 3573 651 3636 sed
673 3574 838 3656 descripta
856 3594 900 3636 ex
919 3574 1022 3638 veteri
1045 3575 1227 3638 admodum
1249 3596 1364 3638 exem-

213 3676 305 3758 plari,
327 3678 452 3740 mundo
479 3677 602 3741 scilicet
629 3678 711 3761 ipso,
736 3687 770 3741 et
792 3687 909 3741 natura
932 3697 1041 3740 rerum
1060 3688 1092 3741 et
1113 3679 1241 3741 mentis.
1289 3679 1366 3760 Ipse

213 3791 302 3844 certe
316 3775 368 3865 (ut
384 3781 523 3862 ingenue
546 3777 664 3865 fatear)
683 3780 774 3844 soleo
794 3781 969 3845 aestimare
990 3781 1053 3846 hoc
1077 3804 1160 3864 opus
1182 3783 1287 3864 magis
1305 3803 1365 3864 pro

213 3894 311 3967 partu
332 3886 491 3967 temporis
513 3906 614 3967 quam
638 3884 769 3967 ingenii.
815 3884 901 3947 Illud
925 3886 1012 3948 enim
1036 3886 1068 3948 in
1092 3907 1132 3950 eo
1155 3887 1366 3949 solummodo

215 3987 363 4051 mirabile
379 3998 437 4064 est,
454 3989 547 4052 initia
570 3989 616 4052 rei
639 3998 673 4052 et
696 3998 806 4052 tantas
828 3990 871 4052 de
894 3989 932 4051 iis
955 4009 1042 4070 quae
1065 3977 1272 4052 invaluerunt
1295 4009 1369 4052 sus·

214 4092 361 4174 piciones
381 4091 476 4156 alicui
495 4093 529 4155 in
553 4103 697 4155 mentem
723 4093 835 4155 venire
858 4093 1014 4175 potuisse.
1061 4090 1201 4156 Caetera
1217 4112 1283 4155 non
1304 4091 1366 4154 illi·

213 4197 331 4260 benter
342 4206 533 4278 sequuntur.
567 4198 617 4259 At
629 4205 777 4260 versatur
788 4195 1006 4279 proculdubio
1018 4218 1113 4262 casus
1125 4191 1174 4280 (ut
1189 4191 1366 4279 loquimur)

214 4310 248 4363 et
271 4299 432 4381 quiddam
456 4301 550 4382 quasi
573 4300 744 4365 fortuitum
767 4321 834 4365 non
861 4300 968 4364 minus
991 4301 1023 4363 in
1047 4300 1086 4364 iis
1109 4319 1195 4380 quae
1217 4300 1367 4381 cogitant

215 4403 366 4467 homines
381 4424 481 4485 quam
498 4405 531 4467 in
548 4404 584 4468 iis
600 4425 686 4487 quae
701 4415 803 4487 agunt
824 4414 881 4468 aut
897 4405 1083 4486 loquuntur.
1137 4403 1262 4467 Verum
1278 4400 1367 4466 hunc

216 4527 328 4573 casum
344 4504 401 4592 (de
416 4529 483 4590 quo
499 4505 630 4594 loquor)
654 4509 700 4574 ita
719 4507 858 4593 intelligi
874 4507 960 4585 volo,
976 4519 1011 4573 ut
1027 4509 1054 4572 si
1070 4507 1151 4590 quid
1168 4507 1200 4570 in
1215 4507 1266 4571 his
1281 4527 1368 4590 quae
