3342 5152
262 401 328 479 406
644 405 800 463 NOVUM
821 405 1040 462 ORGANUM.

264 587 298 638 et
314 573 393 638 nihil
409 573 519 651 aliud3
541 571 701 636 limitatus
716 581 829 636 tamen
845 591 904 653 per
918 569 1122 651 differentias
1137 591 1220 652 quas
1238 591 1318 634 mox
1339 570 1415 634 sub·

261 678 448 761 jungemus,
467 686 644 760 postquam
668 673 842 740 nonnullas
860 677 1030 740 cautiones
1050 675 1265 756 adjecerimus
1286 674 1330 737 ad
1350 675 1416 738 evi·

263 786 402 848 tandum
418 781 643 866 aequivocum.

309 885 461 950 Calidum
488 887 531 950 ad
557 881 715 949 sensum⁴
744 903 793 948 res
821 885 1003 968 respectiva
1029 894 1090 962 est,
1115 893 1149 948 et
1174 883 1206 946 in
1233 883 1347 948 ordine
1372 881 1415 945 ad

264 990 432 1053 hominem
460 1008 526 1054 non
555 990 598 1054 ad
630 989 835 1068 universum
869 999 903 1052 ct
933 989 1067 1072 ponitur
1096 998 1185 1052 recte
1216 998 1251 1054 ut
1280 986 1416 1050 effectus

264 1093 382 1158 caloris
401 1104 532 1158 tantum
553 1092 585 1156 in
608 1093 759 1177 spiritum
783 1092 971 1157 animalem.
1016 1091 1106 1175 Quin
1129 1093 1230 1156 etiam
1253 1091 1285 1154 in
1308 1091 1417 1173 seipso

266 1218 317 1262 res
335 1199 424 1263 varia
444 1209 503 1276 est,
519 1218 595 1262 curn
620 1199 707 1262 idem
729 1218 850 1281 corpus
866 1196 981 1284 (prout
1000 1217 1114 1261 sensus
1137 1189 1417 1280 praedisponitur)

265 1301 399 1367 inducat
423 1303 668 1386 perceptionem
692 1311 762 1366 tam
785 1301 884 1366 calidi
907 1322 1008 1385 quam
1030 1301 1155 1386 srigidi;
1186 1310 1222 1364 ut
1245 1311 1337 1384 patet
1358 1319 1418 1382 per

266 1407 405 1470 Instant.
420 1425 473 1483 41.
489 1404 573 1470 Tab.
590 1424 620 1489 3.

309 1511 431 1593 Neque
452 1531 530 1575 vero
552 1511 808 1575 communicatio
831 1510 957 1588 caloris,
978 1511 1046 1574 sive
1069 1521 1187 1574 natura
1209 1508 1279 1590 ejus
1300 1507 1417 1571 transi·

264 1615 333 1679 tiva
348 1635 522 1698 perquam
538 1634 657 1699 corpus
676 1615 850 1679 admotum
870 1615 1000 1700 corpori
1022 1614 1132 1680 calido
1152 1611 1325 1690 incalescit,
1340 1631 1416 1676 con·

266 1718 358 1782 fundi
381 1719 483 1782 debet
507 1739 582 1784 cum
614 1720 721 1783 forma
749 1720 847 1784 calidi
859 1719 881 1785 ⁶.
941 1719 1046 1783 Aliud
1072 1720 1159 1783 enim
1187 1727 1236 1783 est
1263 1716 1418 1792 calidum,

266 1823 356 1888 aliud
386 1822 625 1887 calefactivum.
682 1823 771 1887 Nam
802 1843 861 1908 per
887 1834 1016 1888 motum
1047 1824 1224 1889 attritionis
1253 1821 1418 1886 inducitur

266 1927 357 1991 calor
370 1927 496 2010 absque
511 1926 624 2010 aliquo
646 1927 755 1992 calido
773 1930 1001 2010 praecedente,
1018 1927 1105 1992 unde
1123 1926 1313 1992 excluditur
1333 1923 1417 1990 cale-

265 2032 422 2095 factivum
445 2052 464 2094 a
487 2031 592 2097 forma
616 2030 722 2095 calidi.
769 2031 884 2114 Atque
907 2032 1008 2096 etiam
1034 2033 1092 2097 ubi
1115 2032 1258 2097 calidum
1280 2030 1418 2094 efficitur

267 2157 326 2218 per
355 2136 678 2219 approximationem
709 2135 815 2212 calidi,
847 2137 910 2200 hoc
941 2137 1048 2219 ipsum
1074 2157 1142 2201 non
1172 2133 1210 2199 fit
1239 2157 1282 2199 ex
1313 2133 1418 2198 forma

266 2239 374 2315 calidi,
399 2239 458 2303 sed
489 2239 625 2305 omnino
651 2242 775 2324 pendet
801 2261 820 2304 a
847 2251 965 2304 natura
991 2240 1108 2304 altiore
1134 2249 1168 2304 et
1196 2239 1301 2322 magis
1327 2257 1417 2302 com-

267 2343 376 2418 muni;
399 2345 460 2407 viz.
481 2365 526 2408 ex
548 2354 664 2408 natura
687 2341 931 2408 assimilationis
950 2345 1018 2407 sive
1041 2341 1325 2430 multiplicationis
1346 2341 1417 2420 sui;

266 2450 308 2512 de
331 2469 397 2530 qua
420 2447 571 2512 iacienda
593 2458 644 2512 est
666 2449 845 2532 separatim
868 2448 1035 2530 inquisitio
1045 2449 1068 2510 ⁶.

310 2550 360 2615 At
383 2553 474 2616 notio
497 2551 582 2635 ignis
599 2551 728 2636 plebeia
751 2561 811 2629 est,
834 2562 868 2616 et
891 2551 970 2614 nihil
992 2551 1098 2617 valet:
1123 2552 1308 2634 composita
1330 2550 1417 2614 enim

267 2665 317 2719 est
336 2675 379 2717 ex
395 2675 553 2720 concursu
571 2656 628 2738 qui
644 2653 682 2719 fit
697 2656 794 2720 calidi
811 2665 845 2720 et
860 2654 959 2718 lucidi
975 2656 1008 2719 in
1023 2655 1134 2739 aliquo
1149 2676 1286 2740 corpore
1300 2681 1308 2734 ;
1332 2665 1368 2718 ut
1384 2655 1418 2718 in

266 2757 401 2822 flamma
417 2760 591 2835 communi,
606 2768 641 2823 et
656 2760 849 2842 corporibus
865 2760 1010 2824 accensis
1026 2781 1128 2842 usque
1143 2761 1186 2824 ad
1202 2759 1365 2825 ruborem.

311 2863 458 2927 Remoto
475 2864 587 2946 itaque
602 2864 694 2928 omni
712 2864 903 2946 aequiv0c0,
919 2864 1116 2928 veniendum
1129 2862 1200 2946 jani
1216 2865 1350 2928 tandem
1368 2872 1419 2927 est

267 2967 310 3032 ad
333 2965 537 3048 dff’rentias
561 2987 665 3042 veras,
692 2989 777 3051 quae
804 2968 947 3032 limitant
970 2977 1099 3032 motum
1129 2978 1163 3036 et
1191 2965 1418 3032 constituunt⁷

268 3091 343 3134 eum
366 3071 399 3134 in
422 3071 563 3136 sormam
585 3071 692 3136 calidi.

397 3278 519 3342 Prima
542 3280 643 3364 igitur
664 3279 852 3362 diffcrmtia
876 3303 915 3346 ea
937 3291 997 3358 cst,
1020 3282 1110 3364 quod
1134 3279 1223 3345 calor
1244 3281 1287 3346 sit
1310 3290 1419 3343 motus

355 3383 554 3464 expansivus
564 3381 585 3461 ⁸,
601 3404 774 3467 perquem
793 3405 911 3468 corpus
930 3386 1045 3449 nititur
1059 3387 1101 3449 ad
1118 3383 1344 3448 dilatationem
1361 3382 1419 3461 sui,

304 3602 315 3632 ⁴
334 3603 482 3659 ‘Calidum
495 3602 532 3658 ad
544 3606 673 3660 sensum’
688 3605 712 3660 is
728 3607 794 3662 here
806 3609 933 3678 opposed
946 3618 975 3664 to
989 3609 1096 3674 ‘calon’
1108 3607 1156 3663 the
1168 3608 1272 3662 former
1283 3608 1367 3678 being
1382 3627 1419 3663 an

268 3686 399 3742 affection
412 3687 443 3742 ol
452 3705 504 3742 our
516 3687 668 3758 organism‚
681 3690 729 3745 the
741 3691 824 3745 latter
835 3709 871 3745 an
884 3691 1014 3746 affection
1026 3692 1059 3746 ol
1067 3692 1115 3747 the
1127 3692 1202 3760 body
1215 3691 1295 3746 itself.

303 3767 315 3800 ⁸
336 3773 411 3826 Heat
424 3769 500 3826 itseli
509 3771 534 3827 is
546 3772 660 3828 distinct
673 3773 745 3828 from
758 3773 794 3830 its
806 3775 971 3845 productiori
984 3793 1016 3830 or
1028 3774 1275 3830 communication.
1312 3775 1382 3830 This
1395 3776 1420 3831 is

268 3855 306 3909 all
327 3855 387 3910 that
408 3857 503 3910 Bacou
524 3873 616 3911 seems
635 3868 665 3911 to
683 3874 776 3912 mean.
813 3860 852 3914 So
872 3858 915 3913 far
935 3876 967 3914 as
989 3860 1024 3914 he
1045 3858 1069 3914 is
1089 3861 1154 3914 here
1172 3858 1308 3930 referring
1325 3869 1355 3914 to
1372 3859 1420 3914 the

270 3939 384 3995 ‘cause'
396 3940 429 3993 os
437 3940 511 4009 heat,
524 3939 544 3993 it
558 3940 581 3994 is
594 3951 623 3994 to
636 3941 684 3995 the
696 3951 809 4007 remote,
822 3953 872 3997 not
883 3951 913 3996 to
925 3944 972 3998 the
985 3943 1140 4014 proximatc
1152 3959 1244 3998 cause.

305 4021 315 4053 ⁶
334 4025 387 4078 See
399 4024 474 4093 Aph.
483 4025 527 4090 48,
540 4026 547 4052 ‘
559 4026 655 4079 Motus
667 4025 849 4080 undecimus.’

305 4103 316 4136 ⁷
336 4108 369 4159 ln
383 4107 430 4161 the
443 4106 580 4177 language
592 4109 624 4162 os
633 4109 680 4162 the
694 4109 843 4164 scholastic
855 4109 936 4178 logie,
945 4111 992 4166 the
1006 4109 1163 4167 differentia
1176 4109 1199 4165 is
1213 4109 1275 4166 said
1286 4120 1316 4165 to
1325 4109 1420 4164 divide

269 4191 317 4244 the
329 4206 417 4258 genus
430 4191 487 4244 and
500 4201 530 4245 to
542 4191 692 4247 constitute
704 4193 752 4247 the
764 4192 878 4262 species.

306 4271 316 4302 ⁸
337 4275 369 4326 ln
377 4274 451 4342 Aph.
462 4275 501 4341 18,
514 4276 584 4330 lust.
596 4291 637 4343 10,
648 4275 684 4329 he
696 4275 796 4345 rejects
808 4276 931 4330 ‘motum
943 4278 1136 4347 expansivum,
1147 4278 1301 4334 secundum
1313 4278 1421 4344 totum,’

271 4355 328 4410 and
344 4355 373 4410 in
390 4357 437 4412 the
454 4356 528 4412 third
541 4356 697 4413 differentia
715 4357 847 4429 assigned
862 4359 891 4414 in
904 4361 959 4414 this
972 4362 1133 4431 Aphorism,
1146 4364 1181 4417 he
1194 4361 1335 4416 describes
1353 4362 1420 4414 heat

272 4457 303 4494 as
317 4440 434 4507 ‘motus
447 4457 503 4494 non
522 4441 688 4511 expansivus
705 4442 881 4498 uniformiter
898 4446 1052 4500 secundum
1070 4457 1169 4514 toturn,
1186 4445 1236 4501 scd
1251 4443 1421 4516 expansivus

272 4539 321 4591 per
338 4523 487 4594 particulas
505 4524 628 4582 minores
645 4527 785 4597 corporis!
824 4529 849 4582 lt
867 4527 890 4583 is
903 4528 1029 4597 difficult,
1042 4531 1178 4596 however,
1191 4540 1220 4584 to
1235 4546 1282 4585 see
1298 4529 1361 4583 how
1373 4527 1421 4582 the
