3358 5152
641 413 720 472 ΜΒ.
743 414 768 469 1.
795 417 977 490 125—127.
1321 423 1381 492 331

235 579 387 663 portione
405 577 563 643 nonnulla
582 600 626 642 ex
647 579 859 664 opinionibus
876 577 1023 663 receptis,
1038 599 1123 661 quae
1147 577 1292 642 maxime
1314 577 1385 661 pla-

234 680 385 768 cuerunt)
414 687 457 749 ad
488 684 713 750 conclusiones
752 685 898 748 maxime
932 683 1100 767 generales
1129 683 1197 747 sive
1228 683 1387 766 principia

234 788 444 852 scientiarum
474 789 675 865 advolarent,
705 788 747 852 ad
777 808 916 870 quorum
947 788 1119 852 veritatem
1150 789 1322 851 immotam
1353 796 1386 849 et

235 890 339 955 fixam
369 891 592 957 conclusiones
623 892 787 957 inleriores
817 912 875 976 per
905 893 1015 956 media
1043 891 1221 955 educerent
1247 910 1286 955 ac
1312 910 1387 974 pro·

234 995 370 1072 barent;
406 1017 451 1060 ex
481 997 601 1079 quibus
630 1006 734 1060 artem
764 997 1018 1060 constituebant.
1077 995 1165 1059 Tum
1195 995 1329 1059 demum
1360 995 1387 1058 si

235 1120 322 1164 nova
345 1101 555 1184 particularia
581 1111 614 1166 et
640 1101 795 1185 exempla
822 1110 913 1164 mota
939 1109 1046 1164 essent
1071 1108 1105 1163 et
1132 1100 1277 1164 adducta
1302 1119 1387 1182 quae

235 1204 364 1288 placitis
385 1206 453 1268 suis
484 1206 730 1290 refragarentur,
754 1203 809 1270 illa
835 1214 893 1268 aut
919 1225 978 1289 per
1004 1203 1227 1268 distinctiones
1249 1213 1306 1267 aut
1329 1224 1387 1286 per

235 1307 419 1390 regularum
443 1329 576 1373 suarum
606 1308 856 1393 explanationes
886 1308 919 1371 in
946 1309 1095 1372 ordinem
1118 1305 1281 1371 subtiliter
1303 1307 1387 1370 redi·

235 1412 366 1494 gebant‚
389 1423 448 1478 aut
469 1414 602 1477 demum
626 1433 685 1496 per
706 1413 917 1497 exceptiones
939 1432 1054 1496 grosso
1078 1412 1179 1475 modo
1201 1430 1387 1474 summove-

236 1516 338 1580 bant:
363 1525 397 1579 at
412 1537 520 1581 rerum
541 1516 786 1601 particularium
808 1537 874 1580 non
893 1515 1125 1598 refragantium
1141 1535 1256 1580 causas
1271 1516 1314 1578 ad
1332 1514 1388 1578 illa

236 1620 394 1704 principia
408 1641 467 1684 sua
482 1621 643 1685 laboriose
659 1630 692 1684 et
707 1621 914 1704 pertinaciter
928 1620 1233 1686 accommodabant.
1262 1617 1386 1683 Verum

236 1743 297 1786 nec
326 1725 463 1788 historia
493 1725 648 1788 naturalis
677 1734 710 1788 et
741 1725 944 1810 experientia
974 1723 1030 1789 illa
1059 1735 1138 1800 erat,
1163 1745 1262 1807 quam
1289 1723 1387 1787 fuisse

237 1828 411 1911 oportebat
432 1827 545 1913 (longe
566 1839 652 1894 certe
673 1827 790 1914 abest),
814 1839 847 1894 et
871 1830 933 1892 ista
955 1828 1123 1893 advolatio
1146 1829 1188 1892 ad
1211 1828 1387 1913 generalis-

236 1933 320 1996 sima
334 1933 446 1998 omnia
460 1933 613 2017 perdidit.

738 2045 898 2112 CXXVI.

282 2166 441 2234 Occurret
462 2177 495 2232 et
511 2167 612 2232 illud:
637 2189 707 2247 nos,
722 2179 858 2254 propter
878 2170 1106 2234 inhibitionem
1123 2170 1290 2251 quandam
1312 2189 1388 2252 pro-

238 2272 409 2336 nuntiandi
429 2281 463 2336 et
479 2273 637 2358 principia
655 2283 744 2339 certa
763 2275 907 2358 ponendi
923 2275 1030 2338 donec
1051 2294 1108 2358 per
1124 2275 1251 2338 medios
1265 2273 1388 2357 gradus

237 2375 281 2439 ad
303 2375 549 2460 generalissima
572 2378 633 2441 rite
656 2387 848 2460 perventum
875 2377 928 2455 sit,
950 2379 1198 2461 suspensionem
1220 2377 1387 2459 quandam

236 2479 348 2561 judicii
363 2480 456 2558 tueri,
472 2490 573 2563 atque
590 2481 633 2544 ad
653 2480 900 2564 Acatalepsiam
917 2503 987 2547 rem
1001 2483 1170 2546 deducere.
1215 2481 1288 2544 Nos
1310 2500 1388 2543 vero

239 2604 305 2648 non
320 2585 350 2648 Α
355 2585 570 2668 catalepsiam,
585 2587 643 2650 sed
658 2585 694 2648 E
695 2586 923 2669 acatalepsiam
932 2585 958 2625 ⁵⁹
975 2588 1172 2651 meditamur
1187 2594 1220 2650 et
1235 2585 1388 2669 proponi-

239 2708 331 2752 mus:
354 2691 464 2754 sensui
478 2691 567 2754 enirn
583 2711 650 2754 non
670 2693 877 2776 derogamus,
893 2691 951 2756 sed
972 2692 1216 2766 ministramus;
1239 2699 1273 2752 et
1294 2687 1389 2753 intel·

238 2793 359 2859 lectum
389 2813 455 2857 non
485 2795 733 2874 contemnimus,
766 2798 825 2860 sed
853 2797 1004 2881 regimus.
1049 2794 1165 2877 Atque
1195 2793 1311 2856 melius
1340 2801 1389 2856 est

239 2899 320 2963 scire
341 2907 502 2981 quantum
518 2919 602 2983 opus
617 2899 668 2976 sit,
684 2909 717 2964 et
733 2910 845 2965 tamen
861 2922 922 2966 nos
936 2922 1002 2965 non
1018 2900 1150 2984 penitus
1165 2898 1247 2964 scire
1263 2907 1389 2982 putare,

239 3023 340 3086 quam
355 3003 488 3086 penitus
502 3003 585 3067 scire
599 3023 661 3068 nos
676 3013 801 3087 putare,
817 3015 851 3070 et
866 3015 978 3070 tamen
996 3005 1041 3068 nil
1062 3023 1177 3068 eorum
1199 3022 1286 3086 quae
1306 3022 1389 3083 opus

240 3117 291 3172 est
305 3108 395 3174 scire.

284 3340 398 3406 Etiam
418 3340 585 3405 dubitabit
605 3341 767 3423 quispiam
788 3343 1019 3424 potiusquam
1039 3341 1180 3424 objiciet,
1199 3350 1309 3405 utrum
1330 3360 1390 3403 nos

241 3446 283 3510 de
320 3444 472 3509 Naturali
507 3454 639 3509 tantum
672 3444 885 3530 Philosophia
896 3444 932 3524 ⁶⁰,
962 3467 1004 3512 an
1038 3447 1139 3511 etiam
1169 3447 1213 3509 de
1247 3444 1391 3509 scientiis

242 3548 381 3632 reliquis,
409 3547 552 3632 Logicis,
579 3547 717 3627 Ethicis,
744 3548 898 3628 Politicis,
924 3552 1106 3614 secundum
1129 3550 1218 3614 viam
1241 3557 1389 3611 nostram

242 3651 447 3735 perficiendis
461 3651 681 3736 loquamur01.
725 3653 775 3716 At
792 3673 851 3718 nos
866 3664 954 3719 certe
970 3655 1013 3719 de
1028 3654 1185 3717 universis
1204 3653 1286 3718 haec
1305 3671 1390 3734 quae

277 3821 299 3854 ⁶⁹
317 3825 368 3880 Dr.
382 3825 497 3880 Kitchin
510 3826 668 3898 appositely
680 3837 778 3897 quotes
791 3826 839 3882 the
851 3826 1027 3882 well-known
1046 3843 1166 3897 passage
1180 3825 1253 3880 from
1270 3824 1318 3880 the
1333 3825 1391 3879 Ad·

241 3919 407 3964 vancement
416 3909 447 3964 ol
457 3910 613 3980 Leaming:
635 3912 642 3939 ‘
652 3911 681 3964 1f
689 3928 706 3964 a
715 3927 781 3964 man
792 3911 846 3965 will
855 3910 939 3980 begin
950 3911 1016 3964 with
1027 3909 1196 3976 cenainties,
1206 3909 1242 3964 he
1254 3909 1326 3964 shall
1336 3908 1391 3963 end

242 3991 271 4046 in
283 3992 386 4047 doubts
400 4009 406 4060 ;
426 3993 475 4048 but
489 3993 512 4046 if
520 3994 557 4048 he
569 3994 624 4048 will
636 3995 672 4050 be
684 4002 800 4049 content
813 4003 842 4049 to
854 3994 937 4064 begin
952 3993 1018 4049 with
1030 3994 1143 4061 doubts,
1161 3996 1197 4049 he
1210 3993 1281 4049 shall
1293 3993 1350 4048 end
1363 3993 1391 4048 in

242 4075 418 4131 certainties!
456 4077 509 4132 See
524 4078 576 4132 Bk.
590 4077 615 4146 i.,
630 4078 663 4132 E.
676 4078 779 4144 ands,
798 4078 853 4132 vol.
866 4077 903 4132 iii.
916 4095 943 4148 p.
955 4091 1017 4146 293.
1054 4079 1106 4148 Cp.
1118 4078 1193 4149 Aph.
1207 4091 1249 4146 37.

277 4155 300 4188 ⁸⁰
320 4161 344 4214 lt
354 4159 408 4213 will
418 4159 575 4215 benoticed
588 4161 649 4216 that
661 4162 781 4216 Natural
791 4161 962 4233 Philosophy
971 4161 995 4216 is
1004 4161 1072 4217 here
1085 4162 1154 4217 used
1164 4162 1192 4216 in
1201 4161 1236 4216 its
1244 4159 1392 4216 restricted

241 4259 333 4310 sense,
345 4259 377 4298 as
390 4245 518 4314 opposed
529 4255 558 4298 to
572 4243 722 4300 ‘scientiae
733 4245 848 4315 logicae,
861 4246 986 4312 ethicae:
998 4246 1059 4312 dre,
1077 4256 1126 4300 not
1139 4263 1171 4301 as
1184 4245 1326 4314 including
1344 4244 1392 4299 the

241 4326 448 4383 consideration
461 4329 494 4382 ol
503 4330 510 4356 ⁸
520 4329 644 4396 affectus,
656 4339 683 4384 et
692 4329 890 4400 prehensiones
901 4328 1119 4385 intellectuales!
1139 4330 1191 4400 Cp.
1198 4329 1286 4400 Apbs.
1297 4338 1340 4396 79,
1349 4327 1392 4394 80,

242 4409 334 4466 where
349 4410 368 4466 ir
382 4411 406 4468 is
417 4413 487 4468 used
501 4411 529 4467 in
542 4413 590 4468 the
603 4413 688 4468 wider
700 4429 792 4469 sense.

277 4491 298 4526 ⁸¹
319 4497 370 4567 Cp.
386 4497 526 4552 Newton's
535 4497 644 4567 Optics,
653 4497 700 4551 blr.
711 4495 738 4551 ii.
750 4496 788 4551 ad
799 4495 845 4552 fin.
858 4515 864 4551 :
884 4497 968 4552 ‘And
979 4496 1129 4554 ilNatural
1139 4495 1310 4567 Philosophy
1318 4495 1346 4550 in
1355 4495 1393 4551 all
