3344 5152
558 409 660 466 DIST
659 409 789 466 RIBUT
788 409 836 465 10
860 409 1019 466 OPERIS.
1300 422 1361 486 179

211 576 359 653 diversa3
383 583 420 638 ut
436 574 469 638 in
484 575 688 657 unoquoque
703 594 820 656 genere
836 575 1029 656 exemplum
1041 592 1107 640 non
1119 575 1213 641 desit.
1243 575 1362 658 Neque

210 682 254 744 de
274 680 313 744 iis
335 679 499 764 exemplis
522 679 687 762 loquimur
709 700 795 762 quae
816 680 954 763 singulis
976 680 1159 764 praeceptis
1178 698 1220 746 ac
1241 678 1362 764 regulis

211 783 396 848 illustrandi
411 784 518 868 gratia
533 783 733 866 adjiciuntur
743 781 820 869 (hoc
836 785 922 850 enim
939 785 971 848 in
986 785 1130 850 secunda
1145 794 1238 867 parte
1253 785 1362 866 operis

210 888 343 953 abunde
352 886 605 972 praestitimus);
624 889 682 952 sed
696 886 794 970 plane
803 898 905 970 typos
917 888 1131 970 intelligimus
1143 898 1177 952 et
1188 887 1362 970 plasmata,

210 1012 295 1075 quae
314 993 499 1056 universum
523 993 643 1057 mentis
666 1011 854 1075 processum
877 1002 980 1074 atque
1001 993 1188 1058 inveniendi
1210 994 1361 1058 continu·

209 1105 300 1160 atam
316 1096 474 1161 fabricam
495 1107 528 1161 et
550 1097 711 1171 ordinem,
732 1096 765 1159 in
786 1097 882 1162 certis
903 1095 1070 1178 subjectis,
1085 1097 1189 1180 iisque
1208 1097 1305 1162 variis
1328 1108 1363 1162 et

211 1201 401 1285 insignibus,
426 1211 587 1283 tanquam
614 1201 677 1264 sub
702 1201 816 1265 oculos
846 1210 979 1284 ponant.
1036 1201 1171 1266 Etenim
1201 1202 1298 1266 nobis
1328 1202 1361 1264 in

211 1315 356 1369 mentem
367 1306 465 1383 venit,
482 1305 515 1369 in
531 1305 784 1383 mathematicis,
799 1315 929 1371 astante
944 1306 1104 1383 machina,
1119 1305 1212 1388 sequi
1225 1306 1362 1370 demon-

210 1409 401 1473 strationem
424 1409 554 1474 facilem
577 1423 610 1474 et
633 1409 861 1492 perspicuam
892 1418 1015 1484 contra,
1038 1410 1164 1491 absque
1185 1407 1247 1474 hac
1269 1429 1361 1476 com-

211 1512 379 1589 moditate,
391 1513 502 1578 omnia
512 1513 615 1577 videri
628 1513 777 1577 involuta
789 1523 832 1590 et,
844 1533 945 1596 quam
957 1533 1070 1578 revera
1080 1523 1168 1586 sunt,
1179 1513 1360 1578 subtiliora.

212 1617 330 1699 Itaque
345 1616 536 1698 hujusmodi
551 1616 717 1700 exemplis
737 1627 891 1700 quartam
910 1627 1040 1699 partem
1061 1617 1165 1682 nostri
1184 1617 1291 1700 operis
1309 1625 1360 1680 at·

210 1721 403 1784 tribuimus:
438 1741 523 1803 quae
550 1742 663 1786 revera
685 1721 730 1784 nil
752 1722 843 1786 aliud
866 1730 925 1799 est,
948 1742 1050 1805 quam
1072 1723 1236 1788 secundae
1257 1722 1361 1804 partis

209 1823 387 1908 applicatio
403 1826 608 1909 particularis
623 1835 657 1890 et
672 1824 848 1910 explicata.

252 2031 302 2093 At
317 2032 434 2114 quinta
448 2052 523 2114 pars
545 2032 588 2096 ad
607 2042 740 2115 tempus
760 2041 901 2108 tantum,
917 2032 1022 2096 donec
1044 2031 1169 2114 reliqua
1187 2029 1361 2113 perfician-

209 2145 270 2212 tur,
292 2137 490 2212 adhibetur;
514 2147 547 2200 et
568 2147 727 2219 tanquam
750 2135 865 2200 foenus
886 2135 1043 2212 redditur,
1064 2135 1268 2218 usquedum
1288 2154 1360 2199 sors

209 2239 322 2302 haberi
344 2241 458 2322 possit.
505 2241 623 2324 Neque
646 2241 734 2304 enim
761 2239 861 2304 finem
887 2249 1036 2304 nostrum
1065 2239 1111 2303 ita
1136 2239 1279 2322 petimus
1306 2259 1360 2303 oc-

210 2345 341 2417 caecati,
363 2353 399 2407 ut
422 2365 508 2425 quae
530 2355 705 2409 occurrunt
728 2345 761 2407 in
782 2343 834 2407 via
858 2343 951 2407 utilia
969 2342 1186 2427 negligamus.
1232 2341 1360 2424 Quam·

208 2447 322 2510 obrem
341 2447 491 2529 quintam
510 2459 638 2531 partem
655 2448 763 2531 operis
784 2469 827 2510 ex
846 2448 887 2511 iis
909 2445 1102 2512 conficimus
1124 2466 1208 2527 quae
1226 2467 1247 2509 a
1265 2446 1361 2510 nobis

209 2561 265 2614 aut
280 2551 411 2615 inventa
427 2561 485 2615 aut
504 2553 645 2634 probata
665 2562 723 2616 aut
744 2552 858 2616 addita
880 2559 977 2626 sunt;
1002 2571 1108 2632 neque
1129 2550 1162 2613 id
1180 2560 1294 2614 tamen
1315 2569 1359 2613 ex

209 2655 392 2719 rationibus
404 2666 505 2737 atque
516 2656 726 2739 praescriptis
737 2655 984 2736 interpretandi,
996 2655 1053 2717 sed
1070 2674 1114 2718 ex
1130 2654 1247 2718 eodem
1263 2651 1359 2717 intel·

208 2757 311 2822 lectus
341 2779 401 2822 usu
427 2779 527 2842 quem
554 2759 610 2824 alii
637 2759 669 2822 in
696 2759 891 2841 inquirendo
917 2767 951 2822 et
976 2757 1171 2822 inveniendo
1201 2757 1359 2821 adhibere

208 2873 459 2926 consueverunt.
504 2863 639 2926 Etenim
663 2883 749 2939 cum,
769 2884 813 2926 ex
837 2873 996 2945 perpetua
1016 2873 1126 2926 nostra
1147 2880 1222 2924 cum
1243 2870 1359 2925 natura

209 2967 455 3044 consuetudine,
475 2968 600 3049 majora
620 2966 663 3031 de
684 2967 953 3031 meditationibus
974 2966 1093 3029 nostris
1110 2985 1210 3047 quam
1229 2985 1289 3048 pro
1309 2964 1358 3027 in-

208 3070 294 3152 genii
306 3071 430 3134 viribus
439 3057 625 3154 speramus;
641 3082 712 3134 tum
725 3081 879 3154 poterunt
891 3072 952 3134 ista
961 3067 1062 3134 veluti
1072 3067 1359 3133 tabernaculorum

210 3174 243 3235 in
258 3175 312 3236 via
328 3174 509 3256 positorum
525 3176 597 3238 vice
612 3175 712 3258 iungi,
725 3184 762 3238 ut
778 3195 871 3238 mens
887 3175 928 3237 ad
949 3174 1088 3238 certiora
1108 3172 1310 3236 contendens
1325 3173 1358 3234 in

209 3277 245 3339 iis
265 3277 431 3361 paulisper
446 3280 644 3361 acquiescat.
690 3279 853 3344 Attamen
874 3289 1036 3343 testamur
1057 3276 1199 3350 interim,
1216 3296 1276 3338 nos
1295 3275 1358 3339 illis

210 3380 296 3462 ipsis,
317 3383 407 3463 quod
428 3403 472 3444 ex
492 3403 571 3445 vera
591 3382 829 3464 interpretandi
850 3381 956 3444 forma
977 3400 1043 3444 non
1064 3380 1129 3443 sint
1149 3379 1280 3442 inventa
1300 3387 1358 3442 aut

208 3485 357 3565 probata,
373 3487 475 3549 teneri
492 3485 628 3550 minime
643 3485 737 3549 velle.
776 3485 880 3550 Istam
892 3506 969 3550 vero
982 3483 1096 3564 judicii
1111 3483 1358 3565 suspensionem

208 3608 273 3652 non
295 3599 346 3653 est
368 3591 459 3672 quod
480 3589 657 3655 exhorreat
675 3591 849 3674 quispiam,
865 3590 896 3652 in
916 3589 1068 3653 doctrina
1089 3607 1175 3669 quae
1193 3608 1258 3651 non
1278 3587 1358 3650 slm-

208 3693 335 3773 pliciter
357 3692 403 3756 nil
426 3695 500 3759 sciri
522 3715 627 3777 posse,
650 3695 707 3758 sed
733 3694 778 3756 nil
805 3694 865 3756 nisi
888 3703 978 3758 certo
1002 3692 1116 3756 ordine
1138 3701 1171 3756 et
1194 3701 1283 3756 certa
1304 3691 1359 3754 via

207 3799 281 3863 sciri
309 3819 414 3882 posse,
437 3802 573 3876 asserit;
607 3811 708 3883 atque
735 3801 861 3864 interea
886 3809 999 3864 tamen
1026 3807 1133 3864 certos
1155 3798 1358 3864 certitudinis

207 3902 328 3984 gradus
343 3903 386 3966 ad
399 3923 493 3967 usum
506 3914 541 3969 et
556 3903 705 3968 levamen
718 3904 897 3976 constituit,
911 3906 1017 3969 donec
1029 3923 1121 3967 mens
1137 3904 1170 3966 in
1186 3922 1357 3967 causarum

207 4005 428 4088 explicatione
449 4009 616 4073 consistat.
661 4007 779 4091 Neque
802 4008 888 4071 enim
915 4007 991 4072 illae
1017 4009 1107 4090 ipsae
1130 4007 1260 4071 scholae
1283 4006 1357 4089 phi·

206 4109 421 4193 losophorum
444 4111 501 4194 qui
516 4112 756 4194 Acatalepsiam
779 4111 973 4195 simpliciter
994 4119 1168 4176 tenuerunt
1190 4108 1358 4173 inferiores

206 4213 297 4277 suere
331 4214 402 4278 istis
436 4235 521 4298 quae
560 4217 793 4299 pronuntiandi
827 4216 992 4281 licentiam
1022 4223 1229 4298 usurparunt.
1275 4210 1357 4276 Illae

207 4329 319 4384 tamen
341 4321 450 4384 sensui
473 4331 507 4385 et
530 4321 711 4387 intellectui
729 4321 852 4386 auxilia
874 4341 940 4385 non
963 4328 1168 4404 paraverunt,
1184 4317 1273 4400 quod
1295 4336 1356 4380 nos

207 4423 352 4499 lecimus,
374 4424 433 4489 sed
458 4424 558 4490 fidem
580 4437 613 4490 et
636 4426 873 4491 authoritatem
896 4425 994 4509 plane
1016 4423 1236 4496 sustulerunt3
1264 4419 1355 4503 quod

206 4528 304 4612 longe
318 4528 385 4594 alia
400 4549 451 4594 res
466 4540 525 4610 est,
541 4542 574 4596 et
590 4529 657 4596 iere
672 4530 837 4614 opposita.

750 4648 776 4698 N
794 4649 812 4696 2
