3358 5152
290 403 354 488 316
666 409 823 465 novun
845 407 1062 464 onoANuM.

289 575 521 641 transferendis
543 585 577 640 et
599 575 836 660 componendis
858 585 891 640 et
914 573 1126 657 applicandis,
1148 595 1208 656 per
1234 595 1308 638 eam
1339 596 1438 658 quam

290 681 438 744 diximus
455 679 705 764 Experientiam
723 676 953 757 Literatam²¹,
969 677 1088 742 deduci
1104 678 1221 761 possit.

823 875 916 941 CXI.

335 1018 455 1100 Neque
478 1016 558 1081 illud
582 1016 804 1081 omittendum
820 1015 863 1080 ad
885 1014 1070 1079 faciendam
1093 1035 1206 1098 spem:
1230 1026 1384 1098 reputent
1399 1012 1440 1100 (si

292 1117 416 1205 placet)
445 1120 595 1185 homines
626 1119 771 1183 infinitas
801 1119 934 1203 ingenii,
961 1119 1131 1202 temporis,
1156 1118 1351 1184 facultatum
1381 1141 1441 1184 ex-

293 1245 421 1306 pensas,
437 1244 519 1305 quas
541 1223 691 1288 homines
714 1225 746 1286 in
771 1224 868 1288 rebus
890 1234 924 1288 et
947 1223 1065 1286 studiis
1087 1221 1186 1305 longe
1210 1223 1342 1286 minoris
1365 1243 1443 1286 usus

294 1338 327 1392 et
350 1328 446 1411 pretii
470 1326 653 1402 collocant3
675 1348 817 1410 qnorum
840 1348 916 1410 pars
939 1336 1043 1409 quota
1064 1327 1152 1390 eiad
1175 1347 1255 1391 sana
1278 1336 1312 1390 et
1335 1326 1441 1390 solida

293 1441 483 1505 verteretur,
499 1431 589 1495 nulla
605 1452 670 1495 non
686 1431 862 1496 difficultas
878 1431 1024 1514 superari
1045 1431 1160 1513 possit.
1205 1429 1305 1514 Quod
1323 1431 1444 1495 idcirco

294 1534 474 1619 adjungere
496 1536 601 1599 visum
626 1545 686 1610 est,
707 1536 786 1618 quia
808 1535 907 1618 plane
928 1534 1071 1598 fatemur
1090 1533 1258 1599 Historiae
1274 1535 1444 1599 Naturalis

295 1651 330 1704 et
353 1639 634 1723 Experimentalis
663 1639 900 1719 collectionem,
923 1639 1055 1722 qualem
1085 1639 1195 1703 animo
1227 1640 1381 1703 metimur
1410 1650 1446 1704 et

295 1743 403 1827 qualis
432 1763 504 1808 esse
533 1744 643 1820 debet,
666 1765 750 1826 opus
779 1765 852 1808 esse
877 1763 1046 1826 magnum,
1070 1752 1103 1807 et
1129 1743 1223 1826 quasi
1250 1744 1385 1827 regium,
1411 1753 1444 1808 et

297 1846 420 1914 multae
436 1868 556 1932 operae
571 1858 672 1932 atque
688 1850 866 1931 impensae.

813 2045 924 2110 CXII.

343 2184 479 2249 Interim
498 2181 743 2266 particularium
765 2184 1011 2250 multitudinem
1034 2204 1132 2250 nemo
1154 2184 1352 2262 reformidet,
1366 2183 1447 2267 quin

298 2290 410 2373 potius
432 2288 495 2352 hoc
526 2289 634 2372 ipsum
656 2289 699 2352 ad
721 2309 815 2371 spem
846 2299 985 2354 revocet.
1040 2288 1125 2354 Sunt
1154 2289 1242 2353 enim
1271 2287 1391 2352 artium
1414 2293 1447 2350 et

299 2403 435 2457 naturae
461 2391 668 2476 partIcularia
689 2392 921 2456 Phaenomena
948 2392 1105 2476 manipuli
1129 2393 1232 2457 instar
1258 2393 1301 2456 ad
1327 2391 1447 2474 ingenii

299 2503 497 2568 commenta,
522 2501 700 2575 postquam
727 2492 769 2557 ab
797 2492 965 2557 evidentia
994 2513 1102 2557 rerum
1134 2492 1298 2574 disjuncta
1324 2501 1358 2556 et
1388 2491 1448 2556 ab·

299 2606 421 2662 stracta
439 2597 567 2660 suerint.
612 2596 728 2678 Atque
748 2596 846 2680 hujus
861 2597 932 2660 vlae
948 2597 1059 2660 exitus
1074 2598 1107 2660 in
1123 2606 1237 2682 aperto
1258 2605 1317 2670 est,
1333 2604 1366 2658 et
1383 2593 1449 2658 lere

300 2702 333 2766 in
356 2701 564 2784 propinqu03
598 2701 734 2765 alterius
757 2702 869 2764 exitus
892 2700 1009 2779 nullus,
1024 2701 1083 2766 sed
1107 2699 1288 2784 implicatio
1311 2697 1448 2763 infinita.

303 2805 467 2870 Homines
482 2805 568 2869 enim
586 2804 695 2869 adhuc
710 2825 846 2888 parvam
861 2806 895 2868 in
912 2804 1131 2889 Experientia
1153 2825 1280 2869 moram
1296 2804 1449 2881 lecerunt,

302 2920 335 2975 et
359 2930 431 2973 eam
455 2908 570 2974 leviter
592 2909 862 2992 perstrinxerunt,
878 2911 936 2974 sed
959 2911 992 2973 in
1014 2909 1286 2974 meditationibus
1305 2916 1339 2972 et
1361 2928 1451 2971 corn·

303 3013 559 3078 mentationibus
581 3013 704 3096 ingenii
727 3013 889 3078 infinitum
912 3025 1043 3098 tempus
1069 3013 1301 3078 contriverunt.
1346 3010 1451 3094 Apud

302 3139 362 3181 nos
377 3137 455 3180 vero
475 3118 502 3182 si
523 3127 608 3182 esset
632 3129 763 3202 praesto
786 3119 948 3202 quispiam
967 3119 1024 3202 qui
1047 3119 1090 3182 de
1112 3117 1198 3180 lacto
1217 3126 1351 3181 naturae
1364 3111 1390 3151 ²²
1408 3116 1451 3178 ad

302 3223 504 3304 interrogata
537 3223 757 3305 responderet,
785 3241 963 3306 paucorum
1000 3241 1160 3287 annorum
1191 3230 1278 3285 esset
1307 3219 1452 3284 inventio

302 3345 474 3390 causarum
490 3336 524 3390 et
538 3326 746 3390 scientiarum
762 3327 918 3391 omniurn.

816 3536 943 3603 CXIII.

350 3675 463 3739 Etiam
483 3674 628 3739 nonnihil
649 3674 839 3744 hominibus
862 3677 932 3760 spei
954 3675 1023 3740 fieri
1044 3697 1141 3760 posse
1160 3685 1315 3760 putamus
1330 3675 1374 3738 ab
1394 3695 1454 3738 ex·

304 3775 415 3860 emplo
431 3786 544 3839 nostro
560 3776 692 3859 proprio
707 3800 714 3853 ;
737 3796 844 3859 neque
856 3776 1035 3858 jactantiae
1050 3797 1148 3841 causa
1164 3777 1228 3840 hoc
1243 3775 1382 3840 dicimus
1396 3775 1455 3838 sed

305 3881 397 3963 quod
420 3880 499 3945 utile
523 3881 612 3944 dictu
636 3881 687 3944 sit.
734 3879 770 3945 Si
792 3881 848 3963 qui
872 3881 1031 3960 diffidant,
1054 3901 1107 3945 me
1129 3881 1272 3954 videant,
1287 3879 1456 3942 hominem

340 4085 359 4118 ¹¹
380 4085 450 4140 This
466 4086 628 4157 expression
647 4086 671 4142 is
689 4087 756 4142 here
775 4089 844 4142 used
861 4087 889 4142 ln
906 4088 954 4142 the
971 4103 1049 4142 same
1067 4104 1148 4143 sense
1161 4103 1193 4142 as
1206 4087 1235 4140 in
1248 4085 1322 4156 Aph.
1339 4100 1387 4154 103
1400 4086 1457 4140 and

305 4171 354 4226 the
367 4171 413 4224 De
424 4169 599 4238 Augmentis.

342 4251 363 4282 ²²
380 4253 442 4309 The
454 4263 533 4322 great
546 4253 689 4322 difficulty,
704 4254 799 4308 Bacon
817 4271 908 4309 seems
924 4263 954 4308 to
970 4255 1042 4309 have
1059 4254 1187 4323 thought,
1199 4270 1256 4307 was
1274 4263 1303 4308 to
1318 4251 1458 4306 ascertain

306 4337 354 4392 the
370 4336 441 4391 facts
455 4335 487 4391 oi
502 4346 608 4399 nature,
621 4337 715 4392 rather
731 4338 799 4391 than
816 4348 846 4392 to
858 4337 935 4391 draw
947 4337 996 4392 the
1016 4337 1090 4407 right
1110 4337 1265 4392 inferences
1281 4336 1352 4391 from
1373 4336 1458 4390 them.

309 4422 395 4486 Here,
408 4419 500 4489 again,
514 4437 555 4476 we
568 4437 616 4475 see
630 4421 677 4474 the
690 4419 863 4490 importance
876 4421 967 4475 which
984 4421 1022 4476 he
1037 4421 1169 4476 attached
1186 4431 1215 4475 to
1227 4438 1245 4475 a
1262 4420 1390 4490 properly
1402 4417 1459 4472 and

308 4502 476 4573 adequately
489 4503 657 4558 constituted
671 4504 789 4558 Natural
805 4503 929 4574 History.
