3342 5152
682 385 764 441 rra.
786 386 831 446 rr.
856 396 906 463 13·
1304 385 1368 472 389

217 549 337 626 omnia,
359 559 460 632 atque
483 550 613 632 insuper
632 549 785 633 liquores,
807 559 864 615 aut
886 555 997 614 adrem
1019 551 1126 635 ipsum
1150 552 1309 636 majorem
1334 557 1367 620 in

218 657 354 720 modum
378 655 422 718 ab
445 653 520 736 igne
545 653 751 719 calefactum.
807 654 940 718 Etenim
971 655 1106 720 flamma
1135 659 1270 741 spiritus
1291 661 1367 736 vini,

216 759 408 841 praesertim
432 778 504 823 rara
526 779 585 823 nec
607 759 803 841 constipata,
824 768 936 823 tamen
960 760 1047 842 potis
1070 771 1120 824 est
1143 771 1286 826 stramen
1309 774 1366 828 aut

216 862 353 926 linteum
375 872 433 926 aut
454 881 618 946 papyrum
642 862 833 940 incendere;
856 863 945 946 quod
967 883 1135 945 nunquam
1158 865 1254 931 faciet
1277 868 1368 932 calor

215 965 365 1031 animalis
380 966 433 1030 vel
449 964 536 1044 solis,
552 967 676 1048 absque
691 965 831 1050 speculis
847 967 1116 1032 comburentibus
1124 965 1162 1032 ⁴⁹.

260 1087 310 1135 21.
339 1069 512 1134 Flammae
537 1079 649 1134 autem
674 1081 707 1135 et
731 1070 908 1151 ignitorum
932 1071 1064 1153 plurimi
1089 1081 1165 1136 sunt
1187 1076 1310 1156 gradus
1333 1075 1366 1138 in

214 1173 404 1238 fortitudine
434 1183 469 1237 et
493 1173 666 1239 debilitate
692 1173 810 1239 caloris
820 1171 856 1234 ⁵⁰.
900 1174 1025 1238 Verum
1052 1176 1095 1238 de
1120 1176 1172 1239 his
1199 1178 1289 1242 nulla
1315 1190 1365 1242 est

215 1277 303 1342 facta
332 1277 473 1362 diligens
508 1279 695 1361 inquisiti03
727 1289 764 1342 ut
789 1298 923 1343 necesse
952 1279 994 1343 sit
1024 1279 1088 1344 ista
1117 1279 1232 1344 leviter
1259 1293 1364 1348 trans-

216 1381 355 1446 mittere.
400 1383 541 1446 Videtur
564 1393 674 1447 autem
699 1403 741 1446 ex
765 1382 908 1446 flammis
931 1383 986 1447 illa
1006 1404 1051 1447 ex
1072 1384 1187 1468 spiritu
1207 1385 1273 1448 vini
1295 1407 1366 1450 esse

216 1485 429 1565 mollissima;
460 1487 521 1550 nisi
548 1485 633 1551 forte
661 1487 745 1569 ignis
770 1488 889 1565 fatuus,
912 1497 970 1552 aut
996 1487 1151 1551 flammae
1173 1508 1231 1552 seu
1254 1508 1364 1553 corus-

215 1591 360 1655 cationes
379 1611 422 1655 ex
442 1591 616 1656 sudoribus
634 1589 835 1668 animalium,
851 1591 917 1655 sint
933 1591 1110 1656 molliores.
1157 1591 1256 1656 Hanc
1271 1594 1364 1675 sequi

214 1694 388 1776 opinamur
417 1693 587 1759 flammam
617 1716 661 1759 ex
682 1695 924 1778 vegetabilibus
952 1695 1078 1758 levibus
1107 1704 1140 1760 et
1171 1697 1306 1780 porosis,
1329 1708 1364 1762 ut

214 1799 380 1876 stramine,
407 1799 530 1882 scirpis,
560 1808 594 1863 et
624 1798 710 1864 foliis
740 1798 901 1877 arefactis,
927 1819 948 1862 a
976 1799 1096 1881 quibus
1125 1819 1192 1864 non
1222 1800 1364 1864 multum

214 1901 343 1966 differre
358 1901 527 1968 flammam
546 1925 590 1966 ex
606 1902 681 1986 pilis
696 1911 753 1967 aut
769 1903 899 1987 plumis.
947 1902 1045 1966 Hanc
1066 1905 1212 1986 sequitur
1227 1902 1366 1969 fortasse

214 2003 349 2070 flamma
374 2027 419 2070 ex
445 2006 552 2090 lignis,
575 2008 768 2090 praesertim
797 2007 836 2071 iis
866 2027 951 2089 quae
982 2027 1048 2070 non
1075 2005 1216 2071 multum
1241 2007 1366 2073 habent

213 2129 258 2173 ex
273 2111 380 2174 resina
394 2121 453 2174 aut
468 2112 559 2193 pice;
584 2112 630 2175 ita
645 2121 757 2175 tamen
774 2120 811 2175 ut
831 2109 964 2174 flamma
984 2131 1029 2174 ex
1049 2111 1147 2194 lignis
1162 2131 1248 2193 quae
1263 2132 1365 2196 parva

213 2225 288 2278 sunt
315 2214 403 2279 mole
431 2212 530 2301 (quae
553 2215 654 2299 vulgo
684 2214 881 2298 colligantur
911 2215 943 2278 in
973 2211 1158 2302 fasciculos)
1188 2215 1293 2279 lenior
1322 2217 1364 2281 sit

213 2339 314 2402 quam
339 2340 426 2402 quae
449 2318 486 2382 fit
513 2341 556 2383 ex
586 2319 710 2384 truncis
738 2319 893 2383 arborum
923 2329 956 2383 et
984 2318 1157 2383 radicibus.
1207 2319 1247 2382 Id
1273 2321 1364 2402 quod

212 2422 312 2506 vulgo
336 2423 478 2506 experiri
502 2423 578 2488 licet
599 2424 631 2486 in
654 2424 840 2489 fornacibus
860 2443 945 2506 quae
968 2422 1088 2487 ferrum
1111 2435 1314 2506 excoquunt,
1331 2425 1364 2487 in

213 2529 333 2610 quibus
349 2527 433 2610 ignis
448 2549 492 2592 ex
508 2526 670 2592 fasciculis
691 2537 724 2592 et
746 2526 845 2591 ramis
862 2527 1017 2590 arborum
1033 2535 1165 2590 nonest
1181 2526 1362 2590 admodum

213 2631 301 2696 utilis
311 2631 347 2694 ⁵¹.
388 2631 486 2696 Hanc
501 2632 648 2715 sequitur
656 2627 707 2716 (ut
719 2628 928 2716 arbitramur)
942 2629 1076 2694 flamma
1090 2651 1133 2693 ex
1149 2628 1224 2693 oleo
1239 2640 1273 2694 et
1285 2650 1363 2693 sevo

213 2747 246 2800 et
272 2757 355 2814 cera,
381 2746 414 2799 et
441 2736 631 2818 hujusmodi
660 2736 779 2800 oleosis
805 2746 838 2799 et
866 2734 1053 2818 pinguibus,
1079 2755 1165 2817 quae
1191 2744 1267 2798 sunt
1293 2735 1364 2798 sine

214 2861 334 2923 magna
350 2840 536 2904 acrimonia.
582 2839 794 2904 Fortissimus
812 2850 924 2904 autem
946 2837 1036 2903 calor
1054 2839 1216 2920 reperitur
1238 2839 1270 2902 in
1291 2839 1363 2921 pice

212 2952 246 3007 et
269 2944 394 3019 resina;
424 2954 524 3026 atque
551 2944 659 3008 adhuc
689 2945 795 3027 magis
822 2945 855 3006 in
881 2942 1038 3026 sulphure
1065 2953 1098 3006 et
1121 2939 1305 3024 caphura⁵²
1328 2951 1363 3006 et

247 3167 269 3199 ⁴⁹
286 3167 353 3223 And
372 3178 427 3238 yet,
440 3168 468 3224 in
487 3178 564 3239 parts
582 3167 615 3222 of
624 3167 766 3223 Australis
782 3166 839 3222 and
858 3167 948 3222 Soutb
965 3165 1069 3233 Africa,
1082 3165 1182 3235 during
1201 3181 1363 3234 summer‚a

211 3252 306 3308 lucifer
315 3254 410 3307 match
423 3251 610 3321 accidentally
618 3251 714 3321 falling
726 3267 763 3305 on
775 3251 824 3305 tbe
835 3250 943 3320 ground
954 3249 1007 3304 will
1020 3248 1114 3320 ignite.
1140 3250 1194 3304 See
1203 3249 1363 3306 Herschel’s

211 3339 392 3405 Astronomy,
406 3333 420 3406 ξ
434 3336 495 3403 369

246 3416 269 3448 ⁵⁰
289 3420 314 3474 lt
333 3419 356 3473 is
375 3420 477 3473 almost
495 3435 683 3486 unnecessary
695 3427 725 3472 to
742 3417 855 3472 remark
871 3417 933 3472 that
948 3416 996 3471 the
1015 3414 1098 3470 order
1115 3414 1143 3470 in
1156 3415 1246 3470 which
1265 3415 1362 3471 Bacon

211 3519 343 3573 arranges
355 3503 403 3558 the
415 3512 602 3572 temperature
614 3502 646 3555 of
655 3502 752 3557 flames
769 3501 852 3555 bears
870 3499 970 3568 hardly
983 3515 1040 3570 any
1051 3499 1168 3554 relation
1185 3508 1213 3553 to
1231 3499 1279 3554 the
1296 3515 1362 3554 con·

210 3587 333 3641 clusions
351 3584 522 3641 established
542 3585 579 3654 by
597 3584 714 3639 modern
733 3583 894 3655 physicists.
932 3583 979 3638 He
1001 3601 1058 3638 was
1082 3583 1181 3653 partly,
1204 3599 1241 3636 no
1266 3583 1361 3650 doubt,

211 3669 345 3726 deceived
357 3671 395 3739 by
407 3670 455 3725 the
467 3667 629 3738 luminosity
641 3685 673 3722 or
686 3667 871 3736 illuminating
883 3683 977 3738 power
988 3667 1020 3721 of
1029 3667 1134 3734 flames,
1146 3666 1236 3720 which
1250 3666 1273 3722 is
1286 3667 1361 3722 often

211 3771 277 3824 very
298 3754 360 3821 low,
383 3754 463 3808 when
485 3754 532 3808 the
553 3761 742 3823 temperature
764 3751 788 3805 is
808 3768 874 3820 very
895 3750 973 3819 high.
1009 3750 1098 3819 Thus,
1120 3749 1162 3804 for
1187 3749 1324 3818 instance,
1344 3766 1362 3804 a

211 3837 355 3906 hydrogen
368 3837 460 3903 flame,
472 3836 564 3890 which
577 3836 601 3891 is
614 3836 661 3890 the
675 3835 764 3904 palest
777 3834 809 3889 of
817 3835 862 3902 all,
875 3833 952 3904 gives
965 3843 1013 3888 out
1027 3834 1074 3888 the
1087 3843 1208 3902 greatest
1221 3835 1296 3888 beat.

245 3923 271 3975 A
284 3922 358 3990 good
371 3929 490 3975 account
501 3919 532 3974 of
540 3919 589 3975 the
600 3929 699 3974 nature
711 3919 743 3972 of
754 3919 851 3972 Flame
869 3917 892 3972 is
906 3917 989 3986 given
1003 3917 1031 3971 in
1046 3916 1161 3972 Miller’s
1175 3917 1320 3972 Elementa
1333 3917 1364 3972 of

211 4004 379 4074 Chemistry‚
400 4005 466 4058 Part
488 4003 514 4058 ii.
554 4005 587 4057 In
607 4003 723 4058 Ganot’s
744 4001 861 4071 Pbysics
885 3999 1084 4071 (Translation,
1106 4000 1168 4055 rath
1182 4000 1246 4067 Ed,
1267 3997 1359 4069 5484)

210 4089 288 4144 there
307 4087 331 4142 is
348 4106 366 4142 a
385 4089 461 4143 table
480 4087 512 4141 of
527 4087 576 4141 the
593 4085 708 4141 relative
722 4085 872 4156 quantities
889 4084 920 4139 of
934 4085 999 4138 beat
1013 4083 1182 4152 disengaged
1199 4083 1237 4151 by
1248 4081 1360 4138 various

209 4171 308 4226 bodies
327 4170 429 4240 during
447 4169 631 4226 combustion.
669 4170 833 4238 Marsb-gas
852 4184 947 4223 comes
965 4178 1030 4222 next
1049 4176 1079 4221 to
1097 4166 1241 4235 hydrogen
1260 4164 1289 4219 in
1304 4165 1359 4220 this

210 4255 265 4323 list,
278 4254 359 4310 while
372 4255 464 4325 spirits
477 4255 507 4309 of
516 4254 587 4309 wine
599 4253 622 4309 is
635 4253 777 4323 relatively
789 4253 857 4323 high
869 4251 927 4306 and
941 4251 1056 4321 sulphur
1069 4248 1212 4319 relatively
1225 4250 1286 4303 low.

244 4337 266 4370 ⁶¹
283 4340 347 4394 The
359 4337 486 4409 quantity
498 4337 530 4392 of
544 4337 610 4392 beat
629 4337 801 4406 disengaged
819 4337 858 4405 by
869 4335 953 4390 moist
966 4333 1046 4388 wood
1065 4333 1166 4402 during
1183 4331 1359 4388 combustion

209 4421 232 4476 is
245 4423 330 4477 much
342 4423 399 4477 less
412 4422 481 4477 than
493 4422 554 4477 that
568 4421 742 4492 disengaged
753 4421 791 4489 by
804 4420 856 4490 dry
869 4419 957 4474 wood.

245 4503 267 4536 ³²
287 4507 438 4577 Campbor.
