3344 5152
672 411 753 470 tu.
774 411 800 465 1·
822 414 960 484 55-59·
1329 417 1389 486 233

240 597 326 659 quae
342 585 428 641 recte
444 576 624 641 afferuntur
638 597 658 640 a
674 577 775 642 novis.
815 576 890 639 Hoc
902 596 980 639 vero
996 595 1116 657 magno
1132 574 1342 638 scientiarum
1358 584 1391 637 et

240 679 469 763 philosophiae
490 681 690 745 detrimento
709 679 755 752 fit,
771 700 873 762 quum
897 679 1007 742 studia
1029 679 1138 761 potius
1161 679 1226 742 sint
1249 678 1391 760 antiqui-

239 786 318 850 tatis
332 795 365 848 et
382 787 545 860 novitatis,
561 805 661 868 quam
678 785 821 867 judicia:
844 784 966 847 veritas
985 793 1097 846 autem
1117 803 1183 846 non
1199 804 1219 846 a
1234 782 1391 846 felicitate

237 891 399 973 temporis
419 889 565 971 alicujus
581 909 667 971 quae
687 910 737 952 res
752 889 842 952 varia
864 899 934 965 est;
958 887 1015 951 sed
1032 907 1052 949 a
1069 887 1192 950 lumine
1208 896 1343 950 naturae
1358 897 1390 948 et

241 993 475 1077 experientiae,
495 994 586 1076 quod
607 1004 778 1057 aeternum
801 1003 861 1070 est,
879 993 1023 1076 petenda
1046 1000 1105 1054 est.
1152 992 1270 1072 Itaque
1290 991 1390 1053 abne-

239 1099 349 1178 ganda
373 1107 448 1160 sunt
473 1099 536 1162 ista
558 1099 691 1173 studia3
722 1107 755 1160 et
778 1098 968 1174 videndum,
986 1116 1027 1159 ne
1054 1094 1239 1160 Intellectus
1260 1095 1303 1158 ab
1327 1094 1390 1156 illis

240 1203 282 1265 ad
298 1222 492 1266 consensum
508 1203 698 1287 abripiatur.

761 1289 873 1357 LVII.

285 1418 594 1502 Contemplationes
621 1429 757 1484 naturae
781 1431 813 1484 et
836 1441 1012 1504 corporum
1037 1421 1069 1483 ln
1092 1418 1303 1502 simplicitate
1330 1437 1390 1479 sua

240 1522 442 1586 intellectum
465 1523 618 1605 frangunt
645 1533 678 1587 et
706 1525 954 1601 commInuunt3
989 1522 1286 1604 contemplationes
1311 1541 1389 1584 vero

240 1637 376 1691 naturae
403 1639 436 1692 et
463 1649 637 1709 corporum
664 1629 696 1690 in
723 1629 963 1710 compositione
988 1638 1021 1692 et
1047 1627 1306 1710 configuratione
1330 1646 1390 1689 sua

244 1732 446 1795 intellectum
467 1733 687 1815 stupefaciunt
708 1741 741 1795 et
760 1733 892 1796 solvunt
902 1732 938 1798 ⁹⁶.
984 1731 1023 1795 Id
1046 1733 1171 1814 optIme
1192 1731 1337 1794 cernitur
1356 1732 1388 1793 fn

176 1867 182 1878 ·
242 1834 355 1900 schola
367 1835 526 1919 Leucippi
538 1845 571 1900 et
584 1835 777 1912 Democriti,
789 1835 909 1900 collata
923 1856 997 1900 cum
1013 1835 1147 1918 reliquis
1160 1835 1388 1918 philosophiis.

241 1940 303 2003 Illa
333 1941 419 2004 enim
450 1942 496 2004 ita
519 1951 668 2004 versatur
698 1942 730 2004 in
761 1941 930 2024 particulis
961 1961 1077 2018 rerum,
1101 1951 1137 2003 ut
1160 1940 1298 2003 fabricas
1321 1939 1389 2002 fere

238 2045 402 2126 negligat3
427 2044 571 2128 reliquae
586 2055 697 2109 autem
715 2047 760 2108 ita
773 2045 912 2109 fabricas
929 2045 1096 2109 intuentur
1111 2046 1281 2118 attonitae,
1295 2053 1329 2106 ut
1345 2045 1387 2107 ad

238 2149 483 2233 simplicitatem
497 2160 636 2214 naturae
656 2170 721 2213 non
742 2159 932 2230 penetrent:
957 2151 1068 2232 itaque
1083 2148 1296 2212 alternandae
1311 2157 1388 2211 sunt

238 2253 534 2336 contemplationes
566 2254 658 2330 istae,
682 2264 715 2317 et
741 2254 883 2318 vicissim
910 2255 1109 2329 sumendae3
1141 2261 1176 2316 ut
1203 2251 1388 2316 intellectus

238 2359 395 2422 reddatur
423 2357 520 2421 slmul
551 2369 724 2440 penetrans
754 2368 787 2422 et
817 2379 944 2440 capax3
979 2368 1013 2422 et
1040 2359 1206 2422 evitentur
1231 2378 1279 2433 ea,
1302 2377 1388 2440 quae

238 2463 394 2538 diximus,
410 2462 631 2539 incommoda,
647 2473 747 2545 atque
762 2461 850 2526 idola
865 2483 909 2525 ex
925 2463 963 2526 ils
980 2462 1213 2545 provenientia.

746 2618 876 2682 LVIII.

279 2747 372 2811 Talis
396 2748 508 2831 itaque
533 2757 606 2811 esto
631 2748 807 2831 prudentia
832 2746 1089 2830 contemplativa
1117 2747 1150 2810 ln
1177 2747 1326 2812 arcendis
1353 2759 1387 2812 et

237 2852 483 2917 summovendis
500 2850 596 2915 idolis
616 2862 747 2934 specus,·
771 2872 856 2934 quae
877 2860 934 2915 aut
955 2872 999 2915 ex
1020 2851 1313 2935 praedominantia,
1329 2862 1387 2914 aut

237 2977 279 3020 ex
308 2975 447 3020 excessu
474 2955 720 3039 compositIonis
750 2965 783 3020 et
811 2955 987 3032 divisIonis,
1010 2965 1068 3020 aut
1095 2977 1138 3019 ex
1165 2956 1282 3019 studiis
1309 2977 1386 3040 erga

223 3069 394 3143 tempora,
418 3071 476 3124 aut
503 3081 548 3122 ex
575 3057 714 3140 objectis
744 3060 842 3142 largis
872 3069 905 3124 et
935 3060 1079 3136 minutis,
1104 3061 1249 3124 maxime
1276 3070 1385 3124 ortum

235 3167 368 3230 habent.
414 3163 620 3230 Generaliter
634 3175 745 3229 autem
761 3187 822 3249 pro
838 3177 993 3248 suspecto
1007 3164 1197 3229 habendum
1212 3165 1386 3248 unicuique

235 3291 342 3334 rerum
360 3280 510 3334 naturam
527 3269 763 3352 contemplanti
776 3269 932 3352 quicquid
949 3268 1153 3333 intellectum
1170 3289 1265 3332 suurn
1283 3269 1386 3352 potis-

235 3376 354 3438 simum
375 3375 463 3458 capit
480 3384 512 3438 et
529 3375 677 3450 detinet3
700 3383 863 3455 tantoque
884 3373 990 3456 major
1008 3373 1197 3437 adhibenda
1218 3374 1250 3434 irr
1272 3373 1385 3455 hujus-

237 3480 326 3542 modi
342 3479 473 3562 placitis
489 3487 538 3542 est
555 3479 673 3556 cautio,
685 3489 722 3542 ut
734 3478 920 3543 intellectus
935 3487 1081 3542 servetur
1091 3498 1217 3560 aequus
1229 3487 1261 3541 et
1273 3498 1386 3560 purus.

762 3633 856 3696 LIX.

277 3763 326 3826 At
349 3760 436 3826 uiola
450 3759 530 3842 sori
547 3763 694 3827 omniurn
717 3762 948 3828 molestissima
968 3772 1063 3840 sunt;
1088 3783 1174 3843 quae
1195 3784 1239 3827 ex
1253 3763 1385 3828 foedere

268 3948 290 3980 ⁹⁸
308 3951 403 4004 These
423 3967 471 4003 are
495 3950 570 4017 bold,
595 3950 653 4005 and
675 3953 828 4006 somewhat
854 3952 948 4019 harsh,
970 3953 1140 4022 metaphors.
1178 3953 1222 4020 By
1245 3953 1384 4007 exclusive

232 4032 370 4089 attention
390 4042 420 4087 to
438 4035 486 4087 the
505 4034 632 4088 ultimate
650 4035 832 4089 constitution
851 4036 882 4090 of
899 4045 1007 4103 nature,
1021 4036 1049 4090 in
1064 4036 1099 4090 its
1118 4035 1225 4090 minute
1244 4036 1383 4105 particles,

233 4118 281 4172 the
299 4118 405 4170 human
425 4116 545 4171 intellect
566 4116 598 4184 is,
617 4135 649 4172 as
668 4117 689 4171 it
708 4136 788 4188 were,
808 4119 924 4187 broken,
937 4119 994 4173 and
1013 4119 1138 4174 frittered
1157 4137 1253 4188 away;
1279 4137 1315 4173 on
1335 4119 1383 4174 the

232 4201 313 4254 other
325 4200 411 4268 hand,
425 4202 462 4269 by
474 4201 522 4254 the
534 4210 653 4270 attempt
667 4211 696 4256 to
708 4219 793 4272 grasp
806 4213 905 4257 nature
918 4221 949 4256 as
963 4221 980 4256 a
993 4203 1090 4270 whole,
1104 4203 1124 4257 it
1143 4212 1306 4272 evaporates
1325 4202 1383 4257 and

232 4284 256 4338 is
270 4285 324 4339 lost
338 4284 366 4338 iu
384 4293 567 4338 amazement.
604 4285 667 4338 The
686 4295 801 4355 precept
814 4286 880 4341 with
894 4285 985 4341 which
998 4287 1046 4340 the
1058 4286 1210 4355 Aphorism
1223 4285 1382 4353 concludes,

232 4367 431 4436 commending
443 4368 491 4422 the
499 4367 689 4422 combination
697 4369 729 4422 of
738 4369 842 4424 minute
853 4371 981 4424 research
993 4368 1058 4422 with
1067 4370 1178 4437 general
1186 4369 1383 4440 speculations,

231 4450 255 4505 is
268 4452 299 4505 of
307 4451 355 4506 the
368 4460 472 4504 utmost
486 4452 618 4520 practical
632 4451 813 4522 importance,
826 4455 883 4506 ancl
896 4454 978 4507 could
991 4453 1092 4521 hardly
1104 4452 1139 4506 be
1152 4454 1243 4508 stated
1262 4454 1290 4508 in
1304 4470 1382 4508 more

232 4533 371 4590 felicitous
385 4535 522 4606 language
535 4535 604 4590 than
617 4535 719 4591 thatin
733 4535 822 4590 which
837 4537 933 4591 Bacon
947 4537 999 4590 has
1012 4537 1162 4606 presented
1175 4536 1204 4592 it.
