3358 5152
653 420 732 476 ΜΒ·
755 417 782 474 1·
806 429 945 496 93-94·
1310 427 1372 493 299

219 585 411 670 priusquam
436 583 587 649 homines
610 605 685 649 eam
712 584 766 668 agi
791 593 908 667 putent
933 591 990 645 aut
1017 583 1201 647 advertant.
1254 581 1373 664 Neque

220 691 405 755 omittenda
416 700 465 754 est
477 687 653 773 prophetia
665 689 815 752 Danielis
827 690 870 751 de
882 686 1005 751 ultimis
1018 687 1132 750 mundi
1148 686 1353 766 temporibus
1364 706 1372 758 ;

219 793 329 857 Multi
348 793 608 877 pertransibunt,
638 801 671 856 et
698 791 868 874 multiplex
894 793 961 856 erit
987 789 1168 854 scientiae:
1200 789 1373 852 manifeste

219 898 357 961 innuens
377 906 409 962 et
431 896 626 980 significans,
650 917 722 960 esse
744 897 778 960 in
800 896 886 971 fatis,
910 896 1023 973 idest,
1046 896 1079 958 in
1098 893 1314 970 Providentia,
1335 902 1373 957 ut

220 1002 435 1084 pertransitus
452 1001 566 1065 mundi
589 998 658 1085 (qui
683 1022 741 1084 per
764 1010 817 1064 tot
839 1000 1036 1082 longinquas
1059 999 1288 1081 navigationes
1311 998 1372 1060 im-

220 1103 328 1189 pletus
358 1104 455 1189 plane
485 1116 544 1170 aut
566 1104 636 1187 jam
668 1105 701 1168 in
731 1125 830 1189 opere
860 1125 932 1168 esse
958 1099 1099 1188 videtur)
1129 1112 1161 1166 et
1191 1111 1372 1185 augmenta

220 1210 428 1274 scientiarum
452 1210 485 1272 in
508 1210 648 1274 eandem
672 1219 817 1274 aetatem
841 1208 995 1272 incidant.

731 1434 860 1502 XCIV.

264 1589 420 1674 Sequitur
434 1593 520 1657 ratio
534 1593 681 1657 omnium
697 1594 844 1656 maxima
860 1593 902 1658 ad
917 1592 1102 1656 faciendam
1114 1611 1207 1674 spem
1220 1615 1227 1668 ;
1252 1611 1371 1675 nempe

219 1717 264 1760 ex
285 1698 450 1761 erroribus
468 1698 628 1780 temporis
649 1698 819 1781 praeteriti
841 1707 873 1760 et
889 1697 1015 1761 viarum
1031 1695 1140 1760 adhuc
1159 1706 1371 1760 tentatarum.

220 1799 357 1882 Optima
380 1801 466 1865 enim
489 1811 539 1865 est
562 1822 601 1865 ea
624 1801 843 1884 reprehensio,
865 1821 966 1883 quarn
990 1800 1033 1864 de
1054 1809 1143 1864 statu
1171 1799 1255 1864 civili
1281 1799 1372 1864 haud

220 1906 397 1987 prudenter
414 1905 645 1968 administrato
665 1905 829 1988 quispiam
850 1904 901 1969 his
923 1904 1030 1967 verbis
1048 1904 1244 1987 complexus
1263 1913 1312 1967 est
1322 1903 1371 1967 ⁷⁰:

222 2006 318 2086 Quod
328 2007 376 2070 ad
380 2009 563 2090 praeterita
570 2010 750 2092 pessimum
770 2017 827 2084 est,
843 2008 881 2072 id
892 2007 940 2072 ad
948 2008 1075 2089 sutura
1094 2009 1251 2090 optimum
1267 2007 1375 2072 vz'clcri

219 2110 318 2174 debet.
366 2111 410 2175 Si
426 2112 513 2176 enim
535 2133 591 2176 vos
610 2113 730 2200 omnia,
745 2133 826 2194 quae
840 2112 888 2175 ad
899 2111 1036 2196 officium
1058 2122 1202 2176 vestrum
1221 2121 1372 2196 spectant,

212 2214 470 2296 praestitbsetis,
481 2236 580 2298 usque
593 2225 700 2280 tamen
711 2238 765 2280 res
777 2217 950 2280 vestraein
963 2215 1092 2279 malim
1105 2215 1170 2280 loco
1185 2226 1310 2289 essent;
1333 2236 1373 2280 ne

219 2329 289 2402 spes
303 2319 431 2400 quidem
446 2318 516 2383 ulla
531 2319 658 2402 reliqua
663 2322 765 2403 foret,
780 2341 835 2385 eas
849 2322 885 2385 in
901 2320 1015 2384 melius
1022 2320 1162 2404 provehi
1167 2331 1269 2402 posse.
1304 2319 1375 2383 Sed

219 2443 292 2486 cum
306 2444 419 2487 rerum
435 2433 619 2488 vestrarum
633 2435 749 2502 status,
763 2446 826 2489 non
843 2446 866 2487 a
880 2425 918 2490 vi
931 2426 1001 2506 ipsa
1014 2445 1135 2500 rerum,
1153 2424 1212 2488 sed
1226 2425 1266 2488 ab
1280 2445 1370 2488 erro-

220 2527 312 2592 ribus
333 2529 452 2592 vestris
474 2529 558 2593 male
578 2550 613 2594 se
634 2529 752 2594 habeat
760 2551 776 2604 ‚·
809 2529 1005 2612 sperandum
1034 2539 1091 2607 est,
1113 2528 1181 2594 illis
1206 2529 1372 2593 erroribus

220 2632 332 2695 missis
346 2643 407 2696 aut
418 2635 575 2712 correctae,
590 2655 745 2717 magnam
761 2655 872 2698 rerum
888 2635 923 2697 in
939 2635 1055 2698 melius
1069 2635 1280 2698 mutationem
1289 2633 1373 2717 fieri

213 2746 315 2818 posse.
361 2735 469 2801 Simili
500 2739 610 2816 modo,
634 2739 660 2802 si
691 2737 841 2804 homines
871 2759 931 2822 per
957 2748 1051 2802 tanta
1075 2758 1237 2803 annorum
1263 2739 1372 2820 spatia

221 2839 308 2904 viam
340 2862 451 2905 veram
483 2842 667 2906 inveniendi
693 2853 727 2907 et
757 2843 887 2908 colendi
918 2843 1069 2907 scientias
1098 2844 1287 2921 tenuissent,
1311 2860 1371 2906 nec

220 2954 332 3008 tamen
363 2946 498 3011 ulterius
528 2947 681 3029 progredi
711 2948 918 3031 potuissent;
951 2947 1064 3010 audax
1094 2947 1313 3029 proculdubio
1338 2956 1371 3010 et

221 3049 392 3112 temeraria
414 3051 498 3113 foret
521 3051 641 3133 opinio,
657 3073 755 3135 posse
777 3072 847 3115 rem
868 3050 901 3114 in
920 3049 1054 3116 ulterius
1077 3050 1223 3134 provehi.
1269 3050 1371 3134 Quod

221 3151 249 3213 si
271 3152 304 3215 in
324 3153 378 3216 via
400 3153 471 3235 ipsa
493 3164 637 3219 erratum
661 3156 714 3231 sit,
735 3165 836 3238 atque
859 3154 1031 3219 hominurn
1054 3173 1154 3238 opera
1177 3157 1210 3218 in
1233 3155 1271 3218 iis
1293 3175 1371 3220 con-

221 3266 363 3339 sumpta,
390 3258 423 3320 in
449 3260 569 3341 quibus
596 3259 731 3324 minime
757 3259 933 3344 oportebat
946 3285 955 3338 ;
988 3260 1136 3342 sequitur
1160 3280 1203 3322 ex
1228 3280 1278 3338 eo,
1305 3279 1371 3323 non

221 3361 255 3422 in
278 3361 375 3424 rebus
394 3361 471 3444 ipsis
494 3362 719 3427 difficultatem
742 3364 829 3439 oriri,
851 3384 936 3446 quae
957 3365 1132 3447 potestatis
1154 3374 1285 3428 nostrae
1305 3383 1372 3428 non

221 3473 306 3542 sunt,
330 3467 388 3530 sed
411 3469 444 3530 in
467 3466 635 3532 intellectu
657 3467 804 3558 humano
832 3467 969 3552 ejusque
990 3488 1052 3532 usu
1075 3477 1108 3532 et
1130 3466 1371 3550 applicatione3

221 3588 308 3650 quae
330 3590 382 3632 res
405 3571 586 3635 remedium
605 3581 638 3636 et
657 3573 855 3636 medicinam
878 3572 1024 3654 suscipit.
1070 3573 1188 3655 Itaque
1207 3572 1371 3655 optimum

220 3671 317 3735 luerit
343 3673 418 3738 illos
445 3675 534 3756 ipsos
559 3696 684 3740 errores
710 3696 914 3759 proponere:
953 3686 1035 3759 quot
1063 3677 1149 3740 enim
1177 3675 1297 3740 luerint
1323 3697 1373 3739 er-

222 3796 332 3839 rorum
352 3777 588 3860 impedimenta
605 3781 637 3841 in
660 3781 847 3862 praeterito,
863 3789 914 3844 tot
934 3789 1011 3844 sunt
1031 3781 1101 3862 spei
1123 3789 1317 3864 argumenta
1339 3780 1372 3842 in

222 3878 376 3944 futurum.
423 3881 476 3945 Ea
494 3903 572 3946 vero
592 3880 668 3946 licet
687 3883 720 3946 in
739 3882 800 3962 his,
815 3904 901 3967 quae
923 3885 1073 3969 superius
1091 3885 1180 3948 dicta
1204 3894 1288 3962 sunt,
1305 3904 1372 3947 non

222 3984 344 4048 intacta
359 3985 494 4050 omnino
515 3985 652 4063 luerint3
674 3997 786 4053 tamen
808 4009 847 4052 ea
868 3988 966 4052 etiam
990 4008 1075 4052 nunc
1097 3988 1248 4065 breviter,
1263 3989 1372 4052 verbis

222 4088 317 4151 nudis
332 4108 371 4152 ac
386 4089 598 4171 simplicibus,
614 4103 858 4174 repraesentare
873 4093 979 4156 visum
997 4102 1055 4157 est.

257 4357 279 4391 ⁸⁹
298 4361 401 4417 Daniel
412 4361 458 4417 xii.
471 4378 496 4430 4
533 4363 603 4419 This
615 4374 674 4421 text
685 4367 771 4421 sorms
784 4367 832 4421 the
845 4376 932 4422 motto
945 4377 974 4421 to
989 4367 1036 4422 the
1051 4366 1231 4437 frontispiece
1248 4366 1372 4436 prefixed

222 4455 251 4499 to
263 4444 310 4499 the
325 4444 398 4499 First
411 4446 528 4501 Edition
540 4448 572 4503 oi
581 4449 630 4503 the
645 4450 758 4504 Novum
772 4451 926 4519 Organum.

256 4524 279 4558 ³⁰
298 4529 446 4584 Demosth.
460 4531 530 4586 Phil
543 4531 581 4586 iii.
595 4549 643 4603 pp.
658 4547 716 4602 111,
731 4548 789 4589 112.
827 4536 877 4605 Cp.
892 4534 962 4589 Phil
975 4533 992 4590 i.
1006 4551 1032 4604 p.
1044 4549 1088 4601 40.
