3358 5152
305 415 366 486 272
684 415 839 470 NOVUM
860 415 1078 472 ORGANUM.

780 579 980 644 LXXVIII.

345 716 421 797 Jam
437 736 515 780 vero
529 716 728 782 veniendum
744 719 787 782 ad
804 739 920 783 causas
937 739 1083 783 errorum
1094 715 1129 798 ¹⁵,
1144 728 1178 782 et
1196 727 1264 782 tam
1281 720 1456 784 diuturnae

303 821 335 883 ln
351 820 413 884 illis
430 841 488 903 per
504 830 555 887 tot
570 821 701 886 saecula
718 843 830 886 morae
842 846 850 898 ;
864 843 956 905 ¹quae
972 823 1134 907 plurimae
1149 832 1226 887 sunt
1245 834 1278 888 et
1293 825 1454 905 potentis-

302 924 422 988 simae:
462 935 497 990 ut
528 924 663 990 tollatur
692 927 800 990 omnis
830 927 1013 1002 admiratio,
1045 926 1126 992 haec
1152 948 1238 1010 quae
1261 929 1455 992 adducimus

302 1027 451 1093 homiues
481 1029 650 1112 hucusque
679 1028 814 1097 latuisse
844 1039 879 1093 et
916 1031 1059 1112 fugisse3
1096 1039 1129 1093 et
1160 1041 1293 1094 maneat
1323 1041 1454 1096 tantum

302 1134 486 1212 admirati0,
518 1133 573 1197 illa
604 1155 691 1197 nunc
722 1134 858 1197 tandem
891 1134 988 1199 alleui
1020 1134 1209 1199 mortalium
1244 1136 1275 1198 in
1310 1145 1454 1200 mentem

302 1238 412 1300 venire
439 1239 595 1320 potuisse,
617 1248 676 1302 aut
702 1239 937 1322 cogitationem
965 1238 1147 1321 cujuspiam
1173 1240 1331 1303 subiisse:
1364 1239 1454 1322 quod

303 1344 402 1407 etiam
426 1338 476 1427 (ut
503 1363 562 1406 nos
587 1339 829 1430 existimamus)
852 1342 1039 1408 foelicitatis
1066 1343 1171 1426 magis
1196 1352 1246 1406 est
1273 1343 1455 1426 cujusdam,

302 1467 403 1531 quam
427 1446 619 1511 excellentis
641 1447 778 1529 alicujus
801 1446 967 1512 facultatis
980 1472 988 1524 ;
1019 1457 1056 1510 ut
1079 1448 1189 1528 potius
1213 1468 1272 1529 pro
1296 1449 1455 1530 temporiS

302 1560 398 1633 partu
415 1549 527 1614 haberi
542 1550 673 1625 debeat,
688 1570 789 1632 quam
805 1571 865 1632 pro
880 1560 978 1634 partu
995 1550 1115 1636 ingenii
1126 1548 1160 1614 ¹⁰.

347 1655 458 1718 Primo
481 1663 593 1718 autem
616 1663 668 1717 tot
690 1651 894 1717 saeculorum
914 1675 1078 1731 numerus,
1093 1675 1169 1718 vere
1188 1674 1256 1716 rem
1278 1653 1454 1737 reputanti,

302 1759 344 1824 ad
383 1779 520 1840 magnas
557 1758 723 1841 angustias
763 1759 888 1823 recidit.
945 1759 1032 1822 Nam
1069 1781 1113 1822 ex
1150 1759 1269 1842 viginti
1309 1760 1455 1843 quinque

302 1883 461 1928 annorum
485 1863 646 1941 centuriis
669 1862 702 1924 in
725 1863 846 1944 quibus
869 1865 1028 1926 memoria
1051 1872 1084 1926 et
1107 1864 1255 1927 doctrina
1282 1863 1454 1926 hominum

301 1968 368 2032 sere
389 1977 546 2042 versatur,
567 1967 626 2029 vix
649 1987 708 2031 sex
731 1968 898 2031 centuriae
910 1965 933 2005 ¹⁷
957 1968 1071 2050 seponi
1095 1977 1129 2031 et
1153 1967 1286 2049 excerpi
1306 1975 1454 2049 possunt,

301 2094 388 2155 quae
413 2071 620 2136 scientiarum
651 2070 772 2135 feraces
803 2092 957 2136 earumve
984 2071 1157 2154 proventui
1188 2071 1285 2135 utiles
1312 2070 1454 2135 inerunt.

303 2177 390 2242 Sunt
414 2176 502 2240 enim
530 2195 595 2238 non
624 2175 730 2238 miuus
753 2186 941 2257 temporum
969 2197 1069 2259 quam
1093 2177 1265 2260 regionum
1293 2176 1394 2239 eremi
1421 2185 1455 2239 et

301 2282 484 2345 vastitates.
531 2279 612 2344 Tres
642 2281 729 2344 enim
756 2288 887 2345 tantum
917 2280 1141 2344 doctrinarum
1172 2278 1391 2344 revolutiones
1420 2290 1455 2344 et

302 2384 428 2470 periodi
448 2392 535 2448 recte
557 2383 718 2446 numerari
741 2393 901 2465 possunt:
933 2404 1007 2462 una,
1030 2385 1119 2466 apud
1144 2383 1308 2459 Graecos:
1342 2381 1454 2464 altera,

301 2491 389 2574 apud
403 2489 593 2563 Romanos;
617 2486 741 2564 ultima,
751 2490 840 2570 apud
852 2509 921 2566 nos,
930 2488 1150 2553 occidentales
1161 2487 1285 2552 scilicet
1298 2488 1454 2571 Europae

301 2595 471 2658 nationes:
493 2593 614 2674 quibus
635 2591 769 2675 singulis
787 2594 845 2657 vix
866 2595 952 2658 duae
970 2595 1135 2658 centuriae
1153 2613 1314 2657 annorum
1336 2593 1454 2656 merito

301 2697 435 2763 attribui
458 2707 603 2780 possunt.
651 2697 763 2760 Media
786 2698 901 2761 mundi
927 2706 1087 2778 tempora,
1109 2698 1220 2780 quoad
1244 2696 1453 2761 scientiarum

301 2813 446 2888 segetem
467 2801 602 2864 uberem
625 2811 682 2864 aut
706 2801 839 2876 laetam,
861 2800 1022 2865 infoelicia
1040 2801 1179 2865 luerunt.
1225 2799 1344 2882 Neque
1366 2800 1452 2862 enim

335 3023 357 3056 ¹⁵
377 3026 454 3079 Here
475 3023 558 3094 begr'n
579 3025 628 3078 the
646 3042 745 3080 causes
764 3025 795 3079 oi
812 3041 889 3080 error
909 3024 966 3079 and
987 3023 1019 3077 ol
1038 3042 1070 3079 so
1090 3024 1155 3094 long
1175 3022 1359 3078 continuance
1377 3021 1406 3076 in
1424 3022 1452 3076 it.

301 3109 382 3178 They
394 3124 441 3162 are
454 3107 635 3162 enumerated
646 3125 678 3162 as
692 3107 795 3164 fifteen.

336 3191 357 3222 ¹⁶
377 3193 429 3260 Cp.
447 3191 522 3260 Aph.
544 3205 601 3244 122.
639 3193 701 3246 One
720 3191 751 3245 of
768 3191 887 3245 Bacon's
906 3191 996 3245 works
1016 3189 1040 3244 is
1058 3191 1147 3245 called
1167 3189 1333 3259 ‘Temporis
1354 3190 1452 3243 Partus

303 3275 465 3330 Masculus!
503 3274 536 3326 ln
558 3291 576 3328 a
596 3274 677 3327 letter
697 3283 725 3328 to
750 3275 773 3328 F
775 3275 855 3329 ather
877 3275 900 3328 F
903 3273 1033 3343 uigentio,
1053 3274 1134 3343 given
1157 3273 1185 3327 in
1211 3275 1264 3328 Mr.
1285 3272 1452 3344 Spedding‘s

300 3361 410 3413 Letters
429 3357 487 3411 and
504 3356 564 3412 Lise
580 3356 613 3409 of
625 3359 721 3410 Bacon
735 3357 800 3426 (vol.
813 3356 858 3410 vii.
876 3374 903 3426 p.
918 3356 991 3426 532),
1004 3357 1041 3412 he
1058 3375 1141 3425 says:
1161 3357 1320 3426 ‘Equidem
1338 3356 1453 3411 memini

301 3459 355 3510 me,
372 3439 557 3510 quadraginta
575 3439 679 3494 abenc
697 3440 786 3508 annis,
803 3439 926 3511 juvenile
945 3442 1109 3510 opusculum
1129 3439 1204 3495 circa
1227 3441 1279 3494 has
1298 3457 1342 3494 res
1361 3439 1453 3494 conle-

301 3524 382 3592 cisse,
395 3524 470 3594 quod
483 3540 587 3592 magna
599 3540 712 3593 prorsus
729 3524 832 3579 fiducia
848 3534 875 3578 et
891 3523 1041 3592 magnifico
1058 3523 1136 3578 titulo
1150 3523 1166 3550 ‘⁴
1176 3523 1322 3592 TemporIs
1338 3525 1452 3577 Panum

303 3607 483 3662 Mardmum”
496 3605 641 3676 inscripsi.'
677 3607 718 3662 Of
727 3607 783 3662 this
793 3607 918 3676 juvenile
931 3608 1007 3661 work
1020 3623 1057 3661 no
1071 3616 1145 3662 trace
1158 3607 1294 3677 probably
1307 3606 1330 3660 is
1343 3606 1398 3660 lest.

334 3689 356 3722 ¹²
377 3693 409 3744 ln
422 3691 470 3744 tbe
485 3689 614 3759 Cogitata
627 3700 655 3745 et
665 3691 734 3745 Visa
747 3692 794 3759 (E.
807 3692 863 3746 and
877 3693 915 3758 S.,
928 3707 974 3760 pp.
987 3691 1048 3758 613,
1061 3691 1135 3758 614),
1149 3691 1184 3744 be
1197 3708 1262 3759 says
1277 3691 1385 3744 ‘scarce
1399 3689 1452 3743 five

299 3773 456 3831 centuries!
494 3775 539 3827 He
553 3774 630 3828 there
642 3775 739 3828 makes
752 3792 790 3828 no
801 3774 924 3829 mention
938 3775 970 3828 of
979 3774 1025 3828 the
1038 3773 1116 3828 three
1129 3774 1250 3844 periods.

335 3861 376 3914 As
402 3860 452 3912 Dr.
474 3855 588 3912 Kitchin
613 3857 753 3924 observes,
776 3859 825 3912 the
854 3857 984 3912 duration
1008 3856 1040 3911 of
1060 3858 1139 3912 these
1161 3858 1256 3911 ‘three
1281 3855 1406 3927 periods'
1428 3853 1451 3908 is

300 3943 406 4012 unduly
418 3940 571 3996 narrowed.
597 3941 651 3994 But
667 3943 762 3995 Bacon
775 3942 910 4011 probably
921 3939 1036 4008 wished,
1049 3939 1077 3994 in
1090 3939 1250 4010 estimating
1262 3941 1310 3994 the
1323 3939 1452 3993 duration

299 4025 330 4079 ol
340 4025 387 4080 the
400 4025 491 4080 Greek
505 4023 612 4094 period,
622 4033 652 4078 to
664 4024 779 4078 exclude
791 4025 839 4079 the
852 4023 1021 4094 philosophy
1031 4025 1062 4077 os
1072 4025 1152 4079 Plato
1165 4025 1221 4078 and
1230 4022 1372 4090 Aristotle,
1386 4023 1452 4087 and,

299 4107 329 4161 in
347 4108 508 4175 estimating
527 4108 575 4161 the
595 4106 726 4161 duration
745 4107 777 4160 oi
792 4108 839 4161 the
858 4107 975 4161 modern
994 4107 1100 4176 period,
1115 4118 1143 4163 to
1162 4107 1279 4162 exclude
1297 4108 1345 4160 the
1364 4106 1451 4176 philo

301 4193 390 4261 sophy
402 4193 433 4246 os
442 4192 490 4245 the
502 4191 681 4246 Schoolmen.
715 4190 742 4243 li
752 4190 807 4244 this
820 4191 855 4244 be
868 4191 914 4244 the
928 4207 1000 4257 case,
1009 4209 1049 4245 we
1062 4207 1128 4259 may
1141 4190 1176 4244 fix
1191 4191 1237 4245 the
1248 4189 1341 4246 Greek
1353 4187 1464 4264 period·

298 4275 370 4328 lrom
387 4275 491 4328 Thales
513 4284 542 4327 to
565 4275 653 4341 Plato,
672 4273 719 4328 the
741 4275 851 4328 Roman
874 4272 970 4343 period
993 4275 1066 4328 srom
1089 4273 1186 4328 Cicero
1206 4291 1237 4328 or
1259 4272 1404 4328 Lucretius
1423 4282 1452 4326 to

301 4359 415 4412 Marcus
429 4358 566 4423 AureIIus,
579 4357 636 4410 and
649 4357 697 4410 the
709 4356 825 4411 modern
840 4356 938 4426 period
955 4357 1026 4411 from
1039 4358 1087 4412 the
1100 4357 1253 4426 beginning
1265 4357 1297 4410 of
1305 4357 1352 4411 the
1364 4356 1452 4410 revolt

298 4439 408 4508 against
422 4441 562 4508 Aristode,
575 4456 615 4508 or,
629 4441 758 4509 perhaps,
771 4440 842 4494 from
862 4441 911 4495 the
929 4439 1071 4495 invention
1088 4440 1121 4494 ol
1138 4439 1272 4508 Printiug,
1285 4449 1314 4494 to
1331 4439 1452 4494 Bacon's

299 4540 362 4577 own
375 4523 450 4577 time.
