3358 5152
659 433 737 490 ΜΒ.
760 433 786 491 I.
811 442 949 510 91-92.
1313 439 1373 507 297

223 600 320 662 rebus
337 597 432 681 plane
448 598 615 663 diffidere:
640 607 776 663 naturae
791 598 1038 674 obscuritatem,
1058 597 1147 660 vitae
1168 597 1374 673 brevitatem,

223 725 377 769 sensnum
401 704 553 778 fallacias,
571 704 685 786 judicii
708 703 942 780 infirmitatem,
962 703 1265 784 experimentorum
1288 701 1373 763 diffi-

224 808 372 886 cultates,
402 818 436 872 et
466 807 584 871 similia
615 828 728 873 secum
762 817 961 890 reputantes
1023 807 1142 888 Itaque
1180 807 1374 870 existimant

223 931 293 976 esse
316 912 478 994 quosdam
500 912 718 990 scientiarum,
742 932 801 993 per
820 920 1008 992 temporum
1033 921 1066 975 et
1089 919 1236 974 aetatum
1260 910 1373 973 mundi

223 1015 451 1090 revolutiones,
476 1016 587 1080 fluxus
612 1027 646 1080 et
674 1015 840 1093 refluxus3
864 1035 938 1078 cum
964 1015 1035 1078 aliis
1059 1014 1265 1097 temporibus
1290 1034 1374 1077 cres-

223 1129 350 1206 cantet
372 1119 519 1199 floreant,
535 1120 607 1183 aliis
628 1119 794 1184 declinent
811 1129 844 1183 et
859 1119 1010 1200 jaceant:
1035 1119 1081 1182 ita
1100 1129 1222 1195 tamen,
1243 1128 1279 1181 ut
1298 1137 1373 1180 curn

223 1224 266 1287 ad
282 1235 408 1288 certum
425 1225 590 1306 quendam
606 1225 747 1306 gradum
764 1233 798 1287 et
813 1232 936 1288 statum
952 1225 1167 1306 pervenerint,
1180 1222 1225 1285 nil
1238 1222 1374 1285 ulterius

222 1329 349 1410 possint
358 1327 392 1390 ⁰⁴.

268 1433 395 1514 Itaque,
412 1432 438 1494 si
458 1433 532 1514 quis
553 1433 678 1514 majora
700 1433 813 1496 credat
835 1441 892 1496 aut
915 1433 1087 1516 spondeat,
1108 1431 1141 1494 id
1161 1441 1279 1514 putant
1302 1451 1374 1495 esse

223 1535 394 1616 cujusdam
427 1537 621 1618 impotentis
645 1546 679 1601 et
706 1537 873 1600 immaturi
901 1537 1020 1614 animi3
1051 1547 1153 1617 atque
1182 1534 1373 1617 hujusmodi

223 1650 360 1703 conatus
386 1641 479 1703 initia
506 1641 628 1704 scilicet
654 1639 750 1718 laeta,
776 1639 884 1703 media
914 1641 1028 1715 ardua,
1059 1649 1208 1703 extrema
1239 1639 1374 1703 confusa

223 1742 353 1806 habere.
401 1743 515 1825 Atque
531 1764 605 1807 cum
622 1742 812 1825 hujusmodi
831 1743 1047 1826 cogitationes
1066 1764 1124 1806 eae
1143 1743 1216 1822 sint,
1232 1763 1318 1825 quae
1342 1745 1373 1806 in

222 1847 309 1910 viros
340 1869 456 1930 graves
483 1857 517 1912 et
540 1848 666 1929 judicio
693 1858 899 1932 praestantes
922 1847 1017 1912 facile
1040 1850 1169 1924 cadant,
1192 1849 1373 1912 curandum

224 1973 334 2016 revera
362 1961 421 2030 est,
453 1972 494 2015 ne
523 1953 570 2016 rei
603 1952 750 2034 optimae
787 1962 822 2016 et
859 1951 1098 2034 pulcherrimae
1134 1972 1247 2015 amore
1284 1952 1373 2033 capti

224 2057 430 2120 severitatem
442 2055 557 2138 judicii
574 2057 769 2130 relaxemus,
782 2067 839 2120 aut
851 2056 1057 2133 minuamus,
1082 2066 1115 2119 et
1130 2055 1245 2119 sedulo
1261 2055 1374 2120 viden-

224 2161 313 2236 dum,
335 2162 414 2242 quid
430 2161 501 2242 spei
519 2160 684 2245 affulgeat,
701 2171 735 2225 et
755 2182 799 2224 ex
818 2182 884 2243 qua
903 2171 997 2245 parte
1012 2181 1048 2224 se
1063 2160 1239 2237 ostendat3
1263 2169 1373 2242 atque,

223 2265 310 2328 auris
326 2264 500 2328 levioribus
515 2267 585 2347 spei
602 2265 738 2347 rejectis,
754 2286 821 2339 eae,
837 2286 923 2347 quae
938 2265 1013 2347 plus
1029 2265 1237 2329 firmitudinis
1253 2263 1374 2326 habere

222 2370 382 2447 videntur,
413 2370 547 2435 omnino
573 2371 800 2434 discutiendae
829 2379 906 2434 sunt
936 2379 970 2434 et
999 2370 1224 2453 pensitandae.
1270 2368 1373 2451 Quin-

223 2474 323 2537 etiam
339 2474 513 2556 prudentia
528 2473 629 2539 civilis
645 2476 688 2538 ad
709 2474 879 2539 consilium
894 2476 1043 2538 vocanda
1060 2484 1109 2537 est
1126 2483 1159 2536 et
1174 2472 1373 2548 adhibenda,

223 2599 309 2660 quae
332 2599 375 2641 ex
395 2580 595 2662 praescripto
616 2580 743 2658 diffidit,
760 2590 795 2644 et
814 2575 857 2642 d'e
878 2581 975 2643 rebus
997 2578 1151 2642 humanis
1175 2579 1207 2640 in
1230 2577 1373 2640 deterius

223 2682 363 2764 conjicit.
410 2684 527 2765 ltaque
539 2683 610 2765 jam
626 2694 660 2747 et
675 2684 717 2747 de
733 2704 791 2765 spe
806 2684 981 2748 dicendum
997 2692 1068 2758 est;
1090 2681 1280 2766 praesertim
1298 2701 1372 2744 cum

223 2808 282 2849 nos
305 2787 520 2870 promissores
543 2808 608 2851 non
635 2789 745 2866 simus,
773 2809 832 2852 nec
858 2789 924 2851 vim
951 2798 1009 2851 aut
1036 2787 1171 2850 insidias
1201 2784 1372 2848 hominum

220 2891 352 2972 judiciis
374 2889 531 2955 faciamus
554 2900 612 2956 aut
634 2902 808 2968 struamus,
824 2893 883 2955 sed
905 2890 1056 2955 homines
1079 2911 1176 2954 manu
1200 2897 1232 2952 et
1255 2898 1374 2972 sponte

223 2996 390 3059 ducamus.
443 2995 560 3078 Atque
596 2996 673 3060 licet
711 2997 809 3078 longe
846 2996 1111 3079 potentissimum
1149 2994 1292 3057 futurum
1330 2993 1373 3055 sit

224 3099 405 3162 remedium
427 3100 469 3163 ad
491 3120 586 3181 spem
609 3101 871 3184 imprimendam,
891 3101 1024 3182 quando
1040 3098 1189 3162 homines
1207 3098 1249 3161 ad
1272 3096 1374 3180 parti·

223 3202 351 3278 cularia,
377 3205 569 3285 praesertim
601 3205 634 3267 in
665 3205 786 3269 tabulis
817 3206 938 3269 nostris
967 3203 1152 3267 inveniendi
1184 3202 1313 3285 digesta
1340 3211 1372 3264 et

223 3308 382 3389 disposita
410 3306 509 3393 (quae
540 3308 659 3391 partim
690 3310 733 3373 ad
761 3309 947 3386 secundam,
974 3310 1034 3372 sed
1061 3307 1167 3372 multo
1194 3307 1300 3390 magis
1329 3307 1372 3384 ad

223 3421 374 3494 quartam
399 3413 656 3477 [restaurationis
665 3413 691 3451 ⁰⁵
716 3424 847 3478 nostrae
869 3424 996 3495 partem
1020 3408 1206 3496 pertinent),
1230 3411 1372 3474 adduce-

257 3631 279 3664 ⁶⁴
298 3636 344 3689 On
357 3635 404 3689 the
417 3633 481 3690 idea
493 3636 524 3689 ol
534 3637 642 3711 Cycles,
653 3653 683 3691 as
694 3636 806 3706 applied
817 3646 845 3690 to
856 3637 903 3691 the
914 3636 1092 3706 phenomena
1102 3634 1134 3688 ol
1142 3635 1247 3688 human
1259 3633 1372 3700 society,

223 3736 269 3773 see
280 3719 363 3773 Mill's
375 3717 469 3788 Logic,
479 3720 526 3774 bk.
539 3720 575 3774 vi.
586 3721 629 3774 ch.
643 3734 686 3774 10.
702 3717 716 3790 ξ
731 3735 756 3788 3.
793 3720 816 3773 F
818 3737 850 3774 or
862 3720 909 3774 the
922 3720 1081 3774 celebrated
1094 3719 1170 3788 cycle
1182 3717 1214 3772 ol
1224 3717 1312 3781 Plato,
1326 3733 1373 3770 see

222 3803 270 3857 the
290 3801 443 3872 beginning
464 3803 496 3857 ol
514 3804 562 3858 the
584 3803 682 3873 eighth
702 3804 776 3858 book
798 3804 830 3858 of
847 3805 895 3858 the
915 3803 1061 3873 Republic,
1080 3802 1136 3856 and
1157 3801 1200 3855 lor
1218 3801 1373 3855 Aristotle's

222 3885 353 3939 criticism
367 3902 403 3939 on
416 3885 446 3952 ir,
461 3885 584 3954 Politlcs,
598 3887 654 3941 viii.
668 3887 717 3958 (v.)
736 3902 776 3941 12.
812 3887 874 3941 The
888 3887 951 3942 idea
964 3887 996 3940 of
1005 3887 1097 3955 cycles
1109 3885 1166 3939 and
1179 3885 1210 3938 ol
1222 3883 1374 3954 periodical

222 3967 315 4035 crises,
334 3979 362 4023 at
384 3969 474 4023 which
495 3971 542 4025 the
562 3972 756 4026 accumulated
777 3981 917 4041 property,
940 3970 1106 4034 inventions,
1125 3967 1301 4034 institutions,
1322 3968 1372 4021 dcc.

222 4051 254 4106 of
262 4051 398 4106 mankind
410 4070 457 4107 are
470 4064 558 4124 swept
570 4071 657 4124 away,
672 4055 695 4109 is
708 4063 736 4108 to
753 4056 789 4109 be
805 4053 893 4108 found
909 4055 969 4108 also
985 4052 1013 4107 in
1029 4053 1077 4106 the
1096 4051 1171 4106 third
1189 4051 1263 4104 book
1280 4049 1313 4104 ol'
1325 4051 1373 4104 the

223 4137 313 4190 Laws.

257 4215 278 4249 ⁸⁵
296 4219 358 4274 The
369 4219 462 4274 fourth
478 4230 540 4291 part
553 4221 585 4274 of
598 4223 646 4276 the
661 4221 849 4276 Instauration
864 4239 921 4276 was
938 4231 967 4275 to
984 4220 1020 4274 be
1038 4219 1084 4272 the
1102 4216 1183 4274 Scala
1203 4216 1373 4283 IntellectuS,

222 4302 269 4357 the
283 4303 385 4357 second
399 4304 431 4371 is,
444 4305 477 4359 oi
488 4322 593 4371 course,
607 4307 654 4360 the
673 4307 786 4359 Novum
805 4306 958 4374 Organum.
995 4304 1052 4357 For
1069 4303 1188 4356 Bacon’s
1206 4299 1372 4368 conception

222 4386 255 4439 of
262 4386 309 4440 the
322 4387 414 4441 fourth
427 4397 497 4457 part,
508 4405 555 4443 see
567 4389 614 4443 the
629 4387 797 4443 Distributio
811 4388 920 4457 Operis,
934 4405 979 4457 pp.
997 4388 1054 4454 178,
1071 4399 1127 4453 179.
1165 4385 1202 4439 At
1215 4383 1263 4437 the
1276 4382 1332 4437 end
1344 4382 1377 4435 os

221 4468 264 4523 his
278 4481 405 4536 account,
415 4471 451 4526 he
464 4489 545 4540 says:
567 4474 682 4542 ‘ltaque
695 4471 856 4542 hujusmodi
868 4470 1017 4540 exemplis’
1031 4468 1163 4538 (namely,
1174 4467 1243 4522 such
1256 4483 1287 4520 as
1301 4465 1371 4519 shall

220 4563 332 4623 present
351 4554 399 4608 the
418 4555 505 4609 whole
523 4572 637 4626 process
656 4555 688 4609 ol
703 4553 861 4624 discovery)
881 4556 1027 4624 ‘quartam
1046 4563 1152 4623 partem
1172 4549 1259 4605 nostri
1279 4548 1372 4620 operis
