3358 5152
280 379 346 447 334
657 367 813 424 NOVUM
833 367 1051 424 ORGANUM.

280 533 429 615 cipimus,
452 553 538 615 quae
559 532 603 597 ad
625 532 775 616 subjecti,
798 533 928 616 dequo
951 532 1154 616 inquirimus,
1177 531 1372 616 qualitatem
1395 543 1429 598 et

280 637 503 702 conditionem
521 637 656 701 modum
674 636 859 701 inveniendi
875 635 1032 700 nonnulla
1047 657 1091 701 ex
1108 645 1204 720 parte
1219 637 1396 720 applicent.

757 813 956 882 CXXVIII.

324 954 375 1019 At
395 954 475 1019 illud
498 957 540 1020 de
563 957 658 1020 nobis
681 975 722 1020 ne
743 955 896 1020 dubitare
918 953 1052 1038 quidem
1075 953 1125 1020 las
1148 954 1212 1032 sit;
1237 963 1346 1018 utrum
1368 975 1430 1020 nos

282 1058 525 1142 philosophiam
541 1069 574 1124 et
594 1069 682 1124 artes
703 1069 735 1124 et
755 1058 910 1123 scientias
929 1059 1049 1142 quibus
1068 1057 1189 1122 utimur
1208 1059 1375 1123 destruere
1396 1068 1430 1123 et

282 1161 433 1226 demoliri
448 1163 637 1247 cupiamus:
660 1171 777 1229 contra
792 1163 891 1240 enim,
906 1183 1018 1226 earum
1035 1170 1067 1225 et
1083 1182 1179 1226 usum
1198 1171 1232 1226 et
1252 1162 1377 1228 cultum
1396 1173 1430 1228 et

281 1267 423 1330 honores
438 1265 579 1332 libenter
593 1267 833 1349 amplectimur.
879 1265 999 1349 Neque
1014 1267 1100 1330 enim
1117 1267 1186 1330 ullo
1206 1268 1307 1331 modo
1328 1267 1430 1331 offici·

283 1391 365 1448 mus,
391 1371 470 1454 quin
493 1370 585 1449 istae,
607 1391 693 1454 quae
716 1370 930 1445 invaluerunt,
954 1380 987 1435 et
1012 1371 1252 1453 disputationes
1275 1369 1375 1448 alant,
1397 1381 1431 1434 et

282 1495 450 1538 sermones
479 1485 607 1554 ornent,
633 1485 667 1540 et
696 1476 739 1540 ad
765 1473 962 1558 professoria
988 1494 1122 1539 munera
1152 1494 1190 1540 ac
1215 1474 1304 1539 vitae
1330 1473 1432 1538 civilis

244 1563 248 1572 ’
282 1579 481 1660 compendia
495 1580 717 1644 adhibeantur
732 1589 765 1644 et
784 1577 936 1657 valeant3
959 1578 1110 1660 denique,
1127 1586 1287 1661 tanquam
1308 1577 1431 1641 numis-

284 1693 374 1746 mata
387 1683 559 1764 quaedam,
571 1703 730 1748 consensu
741 1682 826 1747 inter
835 1683 987 1747 homines
1002 1681 1209 1766 recipiantur.
1239 1680 1431 1765 Quinetiam

283 1785 506 1870 significamus
536 1797 660 1870 aperte,
689 1807 730 1851 ea
759 1807 845 1870 quae
875 1806 935 1851 nos
965 1787 1160 1850 adducimus
1192 1786 1236 1849 ad
1269 1786 1349 1850 istas
1381 1805 1432 1849 res

283 1910 349 1954 non
380 1890 521 1954 multum
552 1890 670 1956 idonea
694 1889 823 1968 futura3
856 1911 931 1956 cum
957 1891 1000 1954 ad
1027 1889 1119 1973 vulgi
1149 1899 1283 1972 captum
1313 1889 1432 1954 deduci

283 1992 417 2058 omnino
433 2013 498 2057 non
521 1995 656 2078 possint,
679 1994 741 2059 nisi
764 2015 823 2077 per
843 1994 960 2060 effecta
982 2003 1016 2058 et
1038 2014 1139 2075 opera
1160 1992 1338 2059 tantum⁶⁵.
1381 1993 1432 2057 At

283 2099 347 2164 hoc
370 2098 487 2180 ipsum,
512 2098 603 2181 quod
630 2099 673 2163 de
698 2097 817 2163 affectu
845 2109 957 2162 nostro
985 2107 1018 2162 et
1044 2097 1132 2162 bona
1156 2096 1329 2161 voluntate
1354 2118 1432 2180 erga

283 2201 436 2266 scientias
451 2211 614 2285 *receptas
643 2201 791 2276 dicimus,
821 2222 922 2284 quam
951 2222 1028 2265 vere
1057 2199 1282 2284 profiteamur,
1312 2201 1433 2284 scripta

283 2315 395 2370 nostra
431 2305 464 2369 in
496 2305 665 2388 publicum
701 2305 790 2371 edita
825 2302 1031 2390 (praesertim
1066 2304 1141 2369 libri
1170 2303 1222 2368 De
1249 2305 1432 2388 Progressa

285 2405 557 2495 scientiarumssss)
580 2409 679 2473 fidem
702 2409 832 2475 faciant.
878 2409 996 2492 Itaque
1018 2409 1051 2473 id
1071 2407 1180 2473 verbis
1200 2407 1343 2492 amplius
1361 2408 1433 2472 vin·

284 2533 356 2578 cere
384 2533 452 2577 non
481 2513 683 2578 conabimur.
747 2512 836 2577 Illud
866 2514 994 2578 interIm
1025 2522 1216 2577 constanter
1248 2521 1283 2576 et
1312 2512 1434 2578 diserte

284 2636 478 2690 monemus3
500 2615 553 2680 his
575 2617 692 2693 modis,
706 2617 763 2699 qui
788 2617 819 2681 in
843 2637 903 2680 usu
926 2627 1013 2692 sunt,
1027 2635 1087 2681 nec
1111 2635 1249 2700 magnos
1272 2616 1305 2679 in
1328 2617 1434 2681 scien·

283 2722 403 2785 tiarum
426 2719 584 2784 doctrinis
606 2731 639 2784 et
660 2720 939 2804 contemplatione
961 2739 1154 2803 progressus
1176 2717 1256 2794 fieri,
1278 2739 1338 2786 nec
1361 2719 1433 2784 illas

283 2827 326 2889 ad
343 2823 596 2907 amplitudinem
611 2844 747 2906 operum
766 2823 883 2890 deduci
897 2845 1004 2906 posse.

775 3002 937 3069 CXXIX.

330 3141 486 3225 Superest
513 3153 550 3207 ut
576 3143 618 3206 de
649 3142 740 3207 Finis
771 3141 967 3208 excellentia
995 3163 1101 3225 pauca
1127 3143 1284 3208 dicamus.
1329 3141 1381 3206 Ea
1406 3142 1433 3206 si

285 3245 375 3329 prius
401 3246 490 3310 dicta
512 3244 657 3324 fuissent,
679 3246 766 3311 votis
788 3246 908 3310 similia
929 3246 1032 3310 videri
1054 3246 1257 3330 potuissent:
1294 3246 1352 3310 sed
1375 3267 1434 3329 spe

281 3351 349 3432 jam
375 3349 472 3427 sacta,
497 3359 530 3413 et
553 3349 673 3432 iniquis
696 3348 901 3434 praejudiciis
922 3348 1072 3424 sublatis,
1094 3349 1169 3433 plus
1191 3349 1329 3415 sortasse
1351 3370 1434 3434 pon·

285 3453 371 3517 deris
395 3452 575 3518 habebunt.
620 3452 721 3537 Quod
744 3455 772 3518 si
794 3473 854 3518 nos
876 3453 989 3518 omnia
1011 3452 1257 3537 perfecissemus
1279 3464 1313 3519 et
1337 3452 1434 3538 plane

284 3555 546 3633 absolvissemus,
576 3577 636 3620 nec
666 3557 747 3622 alios
777 3557 810 3620 in
841 3567 968 3641 partem
995 3566 1029 3621 et
1055 3558 1257 3622 consortium
1283 3557 1433 3621 laborum

284 3659 425 3724 subinde
439 3680 641 3736 vocaremus,
654 3661 753 3725 etiam
768 3663 811 3726 ab
826 3660 1019 3744 hujusmodi
1030 3661 1137 3724 verbis
1152 3662 1434 3740 abstinuissemus,

284 3783 325 3828 ne
351 3763 572 3846 acciperentur
597 3765 632 3828 in
660 3765 936 3847 praedicationem
960 3765 1069 3828 meriti
1090 3765 1204 3829 nostri.
1252 3763 1338 3829 Cum
1355 3784 1435 3829 vero

319 3965 342 3998 ⁸⁶
361 3968 416 4024 See
434 3979 513 4024 notes
530 3987 566 4024 on
581 3970 629 4024 the
646 3971 699 4024 last
715 3969 867 4038 Aphorism
884 3969 942 4024 and
958 3987 994 4024 on
1011 3971 1084 4041 Aph.
1100 3984 1141 4038 29.
1182 3971 1214 4025 In
1231 3971 1328 4026 favour
1340 3971 1372 4026 of
1386 3987 1434 4040 my

285 4051 491 4121 interpretation
505 4053 535 4107 of
548 4051 603 4108 this
616 4052 674 4106 and
691 4051 796 4106 similas
811 4069 944 4123 passages
957 4070 989 4108 as
1008 4053 1156 4120 ironical,I
1175 4070 1241 4124 may
1258 4054 1368 4109 adduce
1385 4055 1433 4110 the

283 4144 430 4203 argument
449 4136 509 4190 that
527 4137 623 4190 Bacon
640 4135 722 4190 could
741 4134 841 4207 hardly
857 4136 930 4192 have
946 4135 1137 4192 contradicted
1152 4135 1268 4193 himself
1281 4155 1318 4193 on
1334 4155 1366 4192 so
1383 4137 1433 4192 im-

284 4227 396 4287 portant
409 4234 427 4271 a
440 4228 543 4273 matter
555 4217 584 4273 in
597 4228 652 4273 two
665 4218 844 4275 consecutive
856 4219 1033 4290 Aphorisms.

319 4297 342 4330 ⁶⁸
361 4301 441 4355 ‘The
447 4302 534 4355 Twoo
547 4301 658 4356 Bookes
668 4303 698 4357 of
707 4301 823 4358 Francis
833 4305 928 4358 Bacon
936 4302 968 4358 of
977 4304 1024 4358 the
1034 4303 1204 4359 Proficience
1216 4303 1273 4358 and
1285 4304 1434 4359 Advance-

284 4392 360 4438 ment
373 4382 405 4438 of
414 4384 552 4454 Learning
565 4383 669 4440 Divine
681 4385 739 4439 and
753 4385 903 4454 Humane:
916 4386 973 4441 first
988 4386 1136 4456 publisbed
1148 4387 1175 4442 in
1191 4387 1267 4457 1605.
1313 4387 1376 4443 Ibe
1389 4389 1434 4442 De

284 4465 457 4535 Augrnentis,
471 4467 503 4521 of
510 4484 617 4536 course,
630 4483 686 4523 was
699 4477 748 4524 not
759 4479 805 4538 yet
817 4467 974 4539 publisbed.
