3342 5152
710 385 790 440 ΜΒ.
812 385 852 442 ΙΙ.
878 393 931 443 20.
1340 395 1403 463 407

339 560 373 615 et
388 550 586 635 recipiendi¹
604 569 640 614 se
663 551 696 613 in
718 548 877 632 majorem
894 549 1065 634 sphaeram
1081 551 1149 614 sive
1164 551 1403 618 dimensionem

337 675 439 738 quam
462 656 552 738 prius
572 663 798 738 occupaverat
845 654 940 719 llaec
959 665 1071 719 autem
1086 654 1273 737 differentiis
1295 657 1403 720 maxi·

339 779 392 822 me
407 759 592 823 ostenditur
610 759 643 822 in
664 757 822 836 flamma;
846 759 902 823 ubi
922 758 1032 822 sumus
1051 759 1120 822 sive
1136 759 1257 824 halitus
1273 761 1403 844 pinguis

338 862 512 928 manifesto
527 863 684 927 dilatatur
698 872 732 927 et
747 863 853 946 aperit
868 884 903 928 se
920 863 953 926 in
968 861 1147 928 flammam.

382 967 579 1032 Ostenditur
600 969 702 1032 etiam
723 967 756 1029 in
780 967 870 1030 omni
892 966 1019 1050 liquore
1041 967 1193 1046 fervente,
1217 969 1273 1052 qui
1298 969 1401 1032 mani·

337 1071 423 1137 sesto
444 1071 641 1149 intumescit,
663 1071 810 1155 insurgit,
829 1082 863 1136 et
886 1072 1009 1136 emittit
1033 1071 1161 1150 bullas3
1185 1082 1284 1155 atque
1306 1083 1402 1155 urget

336 1196 526 1259 processum
540 1175 753 1258 expandendi
773 1196 818 1252 se,
834 1176 940 1242 donec
956 1185 1101 1240 vertatur
1114 1177 1146 1240 in
1162 1197 1283 1259 corpus
1304 1177 1402 1260 longe

337 1279 443 1364 magis
463 1290 638 1344 extensum
662 1290 695 1343 et
718 1279 894 1343 dilatatum
915 1281 1078 1362 quamsit
1098 1281 1168 1363 ipse
1188 1281 1314 1365 liquor;
1338 1283 1400 1345 viz.

336 1386 369 1448 in
385 1404 542 1468 vaporem
558 1394 615 1448 aut
631 1382 758 1447 sumum
773 1392 832 1447 aut
847 1381 1008 1448 ae'rem10.

380 1489 574 1554 Ostenditur
598 1487 698 1551 etiam
726 1487 760 1549 in
785 1488 878 1550 omni
903 1487 993 1571 ligno
1016 1497 1050 1553 et
1071 1488 1317 1566 combustibili;
1343 1491 1399 1554 ubi

335 1589 373 1656 fit
395 1593 573 1676 aliquando
596 1592 766 1670 exudatio,
788 1600 823 1656 at
846 1611 977 1675 semper
996 1593 1195 1675 evaporatio.

379 1697 576 1762 Ostenditur
603 1697 706 1760 etiam
738 1696 771 1759 in
801 1695 1032 1780 colliquatione
1067 1695 1285 1772 metallorum,
1316 1718 1399 1781 quae

335 1797 424 1885 (cum
440 1802 505 1866 sint
526 1801 671 1880 corporis
692 1799 962 1887 compactissimi)
977 1821 1044 1865 non
1063 1800 1158 1865 facile
1178 1802 1398 1867 intumescunt

334 1914 368 1969 et
394 1927 429 1969 se
455 1906 617 1984 dilatant;
647 1906 706 1971 sed
733 1915 846 1970 tamen
875 1905 1009 1987 spiritus
1034 1923 1149 1969 eorum
1159 1903 1194 1983 ¹¹,
1221 1915 1397 1988 postquam

333 2009 431 2074 fuerit
452 2011 485 2072 in
504 2031 541 2074 se
557 2008 725 2085 dilatatus,
741 2020 775 2073 et
791 2008 949 2092 majorem
969 2011 1054 2074 adeo
1072 2009 1300 2075 dilatationem
1320 2030 1399 2074 con·

333 2115 481 2197 cupierit,
494 2115 599 2179 trudit
614 2114 711 2197 plane
729 2123 763 2178 et
778 2115 847 2198 agit
863 2123 974 2197 partes
989 2114 1162 2178 crassiores
1177 2115 1210 2177 in
1225 2113 1397 2196 liquidum.

333 2216 435 2300 Quod
460 2219 488 2282 si
513 2219 614 2283 etiam
640 2217 730 2283 calor
757 2217 875 2283 fortius
898 2218 1095 2295 intendatur,
1119 2217 1216 2283 solvit
1242 2229 1276 2282 et
1300 2219 1398 2284 vertit

334 2321 475 2387 multum
498 2345 542 2387 ex
565 2323 605 2386 iis
628 2323 661 2385 in
683 2321 826 2388 volatile.

376 2427 573 2492 Ostenditur
587 2428 686 2492 etiam
706 2427 740 2491 in
758 2427 843 2491 serro
858 2437 915 2492 aut
931 2427 1115 2510 lapidibus3
1140 2445 1226 2510 quae
1241 2425 1317 2492 licet
1332 2447 1398 2493 non

331 2530 504 2615 liquefiant
519 2542 576 2595 aut
591 2531 778 2608 fundantur,
794 2540 906 2596 tamen
922 2531 1143 2597 emolliuntur.
1182 2530 1283 2614 Quod
1295 2531 1396 2598 etiam

332 2634 371 2700 fit
392 2637 424 2701 in
444 2636 570 2701 baculis
590 2636 690 2720 ligni;
714 2655 800 2718 quae
818 2635 975 2701 calefacta
995 2635 1166 2721 paululum
1186 2637 1218 2700 in
1233 2636 1397 2701 cineribus

330 2737 445 2804 calidis
464 2737 545 2806 fiunt
561 2735 729 2803 flexibilia.

371 2842 514 2927 Optime
542 2853 654 2908 autem
680 2842 824 2908 cernitur
851 2843 914 2907 iste
944 2853 1054 2907 motus
1081 2844 1114 2906 in
1140 2849 1225 2918 aitte,
1251 2843 1308 2925 qui
1338 2864 1397 2926 per

331 2949 491 3030 exiguum
517 2947 657 3012 calorem
688 2967 724 3012 se
753 2947 870 3012 dilatat
896 2946 1054 3012 continuo
1079 2957 1113 3012 et
1137 2945 1327 3024 manifesto;
1359 2957 1397 3012 ut

330 3072 389 3135 per
412 3052 550 3116 Instant.
567 3049 619 3138 38.
637 3052 721 3116 Tab.
738 3070 766 3135 3.

375 3155 572 3221 Ostenditur
586 3157 686 3221 etiam
711 3157 743 3220 in
767 3166 884 3221 natura
900 3156 1061 3221 contraria
1076 3153 1184 3239 frigidi
1196 3151 1231 3220 ¹¹.
1277 3153 1396 3238 Frigus

244 3309 349 3366 minure
362 3311 492 3380 particles
503 3312 536 3366 of
544 3329 562 3366 a
575 3311 651 3381 body
663 3312 745 3366 could
757 3312 793 3367 be
805 3311 954 3382 expanded
966 3311 1081 3365 without
1098 3311 1216 3379 causing
1228 3310 1276 3365 the
1293 3325 1395 3380 expan-

243 3393 305 3449 sion
318 3393 350 3450 of
359 3393 407 3449 the
419 3395 509 3450 whole
521 3396 604 3464 body,
617 3393 768 3466 especially
779 3411 812 3449 as
825 3397 922 3450 Bacon
937 3392 996 3463 (see
1007 3394 1082 3464 Apin
1094 3393 1123 3462 8)
1136 3393 1258 3463 rejected
1272 3394 1319 3447 the
1331 3391 1396 3447 idea

243 3477 276 3532 oi
292 3497 310 3533 a
322 3495 442 3533 vacuum
463 3479 588 3535 between
609 3479 659 3534 the
679 3479 819 3549 penicles.
855 3480 897 3534 As
918 3495 936 3532 a
955 3478 1021 3544 lact,
1037 3478 1075 3532 all
1094 3475 1192 3533 bodies
1211 3475 1289 3545 (with
1307 3493 1325 3530 a
1343 3476 1394 3531 few

243 3561 413 3632 exceptione,
426 3562 496 3617 such
514 3579 546 3617 as
564 3572 651 3618 water
665 3565 791 3618 between
804 3561 851 3630 32⁰
867 3562 925 3616 and
938 3560 985 3631 39⁸
1002 3561 1182 3630 Fahrenheit‚
1195 3559 1252 3615 and
1270 3559 1394 3614 bismuth

243 3655 272 3699 at
295 3645 343 3701 the
361 3655 485 3701 moment
504 3646 536 3700 ol
554 3644 761 3715 solidification)
781 3646 890 3716 expand
909 3644 975 3700 with
994 3662 1031 3699 an
1050 3643 1260 3720 augmentation
1279 3642 1311 3699 of
1325 3653 1394 3699 tem·

243 3738 387 3880 pefflubib,
395 3813 486 3868 which
498 3811 521 3868 is
534 3813 582 3868 the
594 3812 713 3882 reading
725 3812 756 3867 os
764 3813 812 3867 the
826 3810 900 3867 First
913 3810 1041 3878 Edition,
1055 3811 1078 3866 is
1091 3812 1255 3882 probablya
1266 3811 1395 3880 misprint

242 3896 301 3950 ior‘
308 3896 515 3966 recipiendum,’
525 3897 572 3952 the
585 3895 703 3965 reading
713 3896 745 3951 oi
753 3898 801 3951 the
811 3895 915 3951 second
927 3897 984 3950 and
997 3905 1071 3950 most
1082 3897 1252 3965 subsequent
1263 3893 1393 3950 editions.

245 3979 274 4034 li
282 3996 323 4035 we
336 3981 424 4035 retain
438 3979 624 4050 ‘recipiendi,'
637 3979 657 4035 it
670 3989 745 4034 must
756 3981 793 4034 be
805 3979 946 4050 govemed
960 3980 997 4048 by
1010 3979 1134 4033 ‘motus’
1147 3978 1244 4032 above.

278 4061 300 4093 ¹⁰
318 4065 370 4134 Cp.
389 4081 425 4118 an
445 4063 608 4134 interesting
624 4081 743 4134 passage
760 4080 797 4118 on
815 4063 863 4118 the
880 4062 1044 4118 conversion
1060 4061 1091 4116 oi
1104 4061 1192 4117 solids
1209 4059 1268 4115 into
1283 4058 1395 4129 liquide,

242 4147 298 4202 and
319 4147 350 4203 ol
367 4148 469 4217 liquids
490 4147 549 4203 into
568 4163 696 4217 vapours,
715 4145 743 4201 in
765 4147 925 4201 Herschel's
948 4145 1099 4201 Discourse
1123 4161 1161 4200 on
1184 4144 1233 4198 the
1256 4142 1346 4211 Study
1365 4143 1397 4198 oi

242 4231 362 4286 Natural
375 4231 555 4302 Philosophy,
569 4229 601 4301 ἕξ
616 4242 676 4301 357,
690 4231 750 4301 358,
763 4231 821 4285 and
833 4247 880 4286 see
891 4229 1042 4300 especially
1055 4238 1120 4283 note
1133 4240 1166 4297 37
1180 4244 1217 4282 on
1230 4226 1304 4296 Aph.
1315 4239 1358 4295 33.

277 4317 298 4349 ¹¹
318 4319 420 4374 Notice
436 4319 519 4389 again
536 4320 583 4374 the
601 4318 711 4374 curious
730 4320 868 4388 langunge
881 4317 970 4372 which
985 4319 1081 4372 Bacon
1097 4317 1225 4386 employs
1243 4315 1328 4369 about
1345 4315 1393 4368 the

242 4401 367 4471 ‘spirits'
381 4403 413 4457 oi
422 4402 575 4458 inanimate
587 4403 700 4473 objects.
740 4404 789 4472 Cp.
804 4402 819 4457 i.
835 4415 876 4471 50,
889 4401 916 4456 ii.
930 4415 955 4469 7,
969 4401 996 4455 ii.
1009 4415 1052 4468 40,
1066 4401 1116 4455 &c

279 4483 298 4515 ¹¹
318 4487 395 4540 Here
407 4486 489 4556 again
503 4504 544 4541 we
556 4487 627 4542 have
639 4488 687 4543 the
700 4486 865 4558 conception
878 4485 910 4542 ol
918 4485 983 4542 cold
994 4501 1027 4539 as
1038 4501 1057 4539 a
1068 4482 1186 4555 positive
1198 4480 1313 4553 quality.
