3280 5238
260 413 326 479 454
639 400 795 460 NOVUM
816 397 1033 455 ohannau.

262 569 424 634 monitum
440 579 499 644 est,
515 577 551 632 ut
567 566 847 651 propositionibus
865 561 1111 637 universalibus,
1121 572 1191 625 tam
1208 555 1414 624 affirmativis

262 693 363 757 quam
386 673 555 756 negativis,
574 673 616 735 de
640 670 751 753 aliquo
774 679 936 744 concreto,
958 666 1198 749 subjungantur
1208 662 1235 702 ⁴⁰
1251 662 1349 726 simul
1374 682 1414 726 ea

262 787 415 843 concreta
438 797 523 860 quae
546 775 700 860 proxime
714 774 867 838 videntur
888 771 1044 838 accedere
1065 770 1109 835 ad
1129 769 1162 832 id
1183 768 1274 852 quod
1296 777 1345 830 est
1368 785 1413 829 ex

264 882 477 946 non-entibus
487 879 534 944 ⁴¹:
560 889 596 942 ut
612 880 644 943 in
660 879 777 954 calore,
794 876 948 941 flammae
964 875 1175 940 mollissimae
1191 884 1225 937 et
1241 872 1414 936 minimum

263 987 459 1060 adurentes3
490 985 523 1047 in
554 982 801 1066 incorruptibili,
823 1000 948 1060 aurum,
973 981 1064 1063 quod
1094 978 1246 1062 proxime
1277 973 1415 1040 accedit.

266 1088 389 1154 Omnia
422 1089 511 1151 enim
542 1088 605 1152 ista
636 1087 781 1151 indicant
813 1085 973 1149 terminos
1013 1093 1149 1148 naturae
1179 1082 1263 1144 inter
1291 1099 1350 1143 ens
1380 1085 1415 1140 et

266 1213 406 1258 non-ens
421 1216 428 1268 ;
445 1202 479 1256 et
491 1191 612 1256 iaciunt
625 1191 668 1256 ad
685 1189 1003 1272 circumscriptiones
1019 1188 1209 1262 formarum,
1218 1205 1260 1248 ne
1274 1183 1414 1266 gliscant

265 1309 300 1364 et
318 1307 479 1380 vagentur
494 1305 590 1360 extra
606 1295 810 1360 conditiones
827 1293 984 1358 materiae
993 1289 1030 1359 ⁴².

758 1484 925 1548 XXXIV.

312 1607 405 1672 Inter
426 1605 673 1689 praerogativas
688 1605 929 1684 instantiarum,
945 1624 1106 1689 ponemus
1127 1603 1200 1668 loco
1220 1598 1417 1664 duodecimo

268 1713 356 1794 ipsas
386 1710 459 1774 illas
488 1710 673 1774 instantias
704 1710 944 1794 SubJunctiuas,
974 1710 1016 1773 de
1045 1709 1165 1792 quibus
1195 1707 1227 1770 in
1259 1703 1418 1789 superiori

268 1815 458 1897 aphorismo
485 1815 649 1878 diximus:
681 1835 766 1897 quas
795 1815 895 1879 etiam
920 1812 1106 1877 Instantius
1130 1810 1327 1875 Ultimitatis
1349 1807 1419 1870 sive

273 1918 423 1982 Termini
438 1917 607 2001 appellare
625 1919 862 1984 consuevimus.
908 1918 1027 2000 Neque
1049 1915 1136 1979 enim
1159 1912 1347 1995 hujusmodi
1371 1911 1419 1972 in·

269 2023 410 2087 stantiae
426 2022 522 2086 utiles
537 2032 614 2086 sunt
629 2033 770 2100 tantum,
783 2034 947 2105 quatenus
962 2021 1206 2104 subjunguntur
1222 2016 1421 2102 propositio·

269 2127 366 2190 nibus
383 2127 478 2204 lixis3
501 2147 615 2190 verum
634 2128 735 2192 etiam
759 2149 876 2210 perse,
895 2138 929 2191 et
947 2127 978 2190 in
995 2127 1196 2209 proprietate
1210 2143 1271 2187 sua
1282 2120 1319 2182 ⁴³.
1365 2119 1420 2182 In-

270 2231 383 2294 dicant
404 2232 492 2294 enim
515 2251 581 2294 non
598 2232 737 2296 obscure
751 2252 845 2296 veras
860 2231 1021 2295 sectiones
1041 2241 1186 2304 naturae,
1202 2237 1236 2291 et
1253 2245 1421 2289 mensuras

271 2355 390 2412 rerum,
405 2346 438 2399 et
455 2334 536 2398 illud
556 2334 725 2417 Quousque
741 2345 858 2400 natura
874 2336 955 2418 quid
976 2334 1074 2398 iaciat
1090 2343 1123 2396 et
1143 2332 1235 2404 serat,
1251 2341 1285 2394 et
1300 2328 1421 2392 deinde

271 2439 426 2502 transitus
442 2449 579 2504 naturae
594 2440 638 2502 ad
657 2439 756 2503 aliud.
802 2437 897 2503 Talia
919 2448 1005 2512 sunt,
1021 2458 1146 2516 aurum,
1163 2437 1195 2499 in
1215 2434 1361 2518 pondere
1373 2429 1420 2508 ⁴⁴3

272 2661 371 2728 tiones,
386 2660 413 2715 in
426 2661 505 2716 coelo
519 2678 576 2715 non
586 2661 672 2716 item:
693 2662 757 2716 huic
769 2662 810 2716 ita
827 2661 1014 2727 occurrimus;
1034 2676 1087 2714 nec
1104 2676 1156 2714 nos
1173 2659 1244 2713 baec
1262 2675 1313 2727 per
1328 2653 1424 2711 omnia

273 2760 401 2814 aequare,
414 2755 441 2799 et
461 2754 555 2799 tamen
572 2744 595 2799 si
614 2745 741 2814 regiones
755 2747 836 2816 (quas
849 2743 962 2810 vocant)
977 2745 1147 2814 superiorem
1164 2752 1192 2797 et
1211 2741 1333 2796 mediam
1351 2741 1423 2795 aeris

274 2827 479 2897 prosuperficie
488 2838 535 2881 aut
545 2828 778 2883 interioretunica
787 2828 857 2882 coeli
866 2825 1292 2897 accipiamus,quemadmodum
1302 2823 1424 2895 spatium

276 2910 351 2964 istud
364 2910 441 2980 apud
453 2927 513 2976 nos,
522 2928 577 2980 quo
590 2911 729 2980 animalia,
743 2914 864 2983 plantae,
874 2922 901 2966 et
915 2911 1060 2966 mineralia
1072 2909 1257 2975 continentur,
1267 2927 1318 2979 pro
1330 2924 1424 2977 super·

275 2993 337 3048 ficie
350 2995 394 3048 vel
407 2993 540 3049 exteriore
554 2995 648 3049 tunica
660 3005 751 3050 terrae
764 2995 917 3064 accipimus
929 3011 936 3060 ;
954 3003 981 3048 et
1002 2994 1039 3048 ibi
1053 3011 1163 3064 quoque
1176 2993 1267 3048 varias
1285 3003 1313 3047 et
1332 2991 1425 3045 multi·

274 3078 379 3132 formes
396 3077 590 3146 generationes
610 3078 736 3132 inveniri.
776 3080 874 3148 ltaque
893 3079 1028 3132 tumultus
1045 3078 1102 3132 iere
1122 3077 1212 3132 omnis
1230 3087 1259 3132 et
1280 3075 1425 3130 conflictus

275 3171 303 3216 et
322 3161 495 3230 perturbatio
510 3160 539 3215 in
559 3162 686 3216 confiniis
704 3171 813 3217 tantum
832 3161 901 3217 coeli
920 3171 948 3216 et
965 3173 1054 3216 terrae
1072 3160 1425 3225 locumhaberevidetu13

277 3254 306 3296 ut
326 3243 354 3296 in
373 3244 456 3298 rebus
474 3244 602 3298 civilibus
616 3245 655 3310 fit,
669 3245 696 3300 in
714 3247 814 3315 quibus
834 3245 900 3300 illud
919 3246 1076 3316 frequenter
1094 3261 1146 3298 usu
1159 3243 1243 3308 venit,
1256 3253 1286 3297 ut
1308 3243 1426 3297 duorum

276 3342 425 3394 regnorum
444 3327 513 3382 fines
532 3328 671 3382 continuis
691 3329 897 3384 incursionibus
915 3341 941 3384 et
955 3329 1094 3383 violentiis
1113 3327 1285 3392 infestentur,
1299 3327 1366 3382 dum
1385 3325 1426 3379 in·

277 3410 394 3465 teriones
408 3409 549 3480 utriusque
563 3411 641 3480 regni
659 3411 817 3481 provinciae
831 3413 937 3467 diutina
953 3429 1021 3482 pace
1035 3411 1170 3476 fruuntur,
1182 3421 1209 3466 et
1221 3410 1301 3466 bellis
1319 3418 1427 3465 tantum

277 3492 452 3562 gravioribus
465 3504 493 3548 et
506 3494 656 3549 rarioribus
668 3497 896 3551 commoventur.'

314 3575 336 3606 ⁴⁰
355 3580 408 3632 See
422 3586 486 3631 next
499 3577 660 3646 Aphorism.

314 3658 335 3689 ⁴¹
355 3661 405 3726 Or,
418 3677 450 3714 as
464 3677 505 3714 we
519 3660 620 3714 should
633 3679 692 3730 say,
706 3663 798 3719 which
811 3665 881 3719 least
894 3662 1043 3732 exemplisy
1056 3663 1104 3718 the
1117 3661 1200 3731 given
1214 3661 1393 3732 proposition.

315 3739 337 3772 ⁴²
358 3743 403 3797 He
416 3760 535 3814 appears
549 3745 616 3800 here
629 3755 658 3799 to
675 3749 776 3816 regard
793 3758 897 3802 matter
914 3765 947 3801 as
963 3747 1084 3815 limiting
1100 3747 1156 3800 and
1170 3746 1308 3814 checking
1324 3747 1372 3800 the
1384 3763 1430 3800 ex·

280 3826 397 3881 hibition
415 3828 446 3881 ol
460 3827 508 3883 the
526 3827 606 3883 form.
645 3831 754 3899 Hence,
769 3832 796 3885 in
815 3831 919 3886 certain
938 3847 1027 3897 cases,
1045 3831 1081 3885 he
1099 3829 1256 3896 conceives,
1272 3830 1321 3884 the
1340 3827 1430 3882 mani-

280 3909 413 3965 festation
426 3912 458 3965 oi
467 3912 514 3966 the
528 3911 599 3966 form
613 3913 636 3968 is
650 3916 737 3980 weak,
751 3915 807 3969 and
821 3933 860 3969 we
873 3923 948 3968 must
962 3914 1028 3968 take
1045 3930 1108 3968 care
1121 3924 1150 3967 to
1168 3921 1240 3967 state
1255 3929 1307 3966 our
1318 3912 1431 3981 general

280 3995 477 4064 propositions,
491 3996 617 4052 whether
630 3998 794 4052 affirmative
808 4014 839 4050 or
851 3996 989 4066 negative,
1003 3997 1069 4050 with
1082 3997 1135 4051 due
1149 3996 1360 4066 qualifications.

316 4075 338 4106 ⁴³
357 4079 464 4147 Except
478 4078 506 4132 in
519 4080 636 4134 relation
650 4091 679 4134 to
692 4081 739 4134 the
754 4081 898 4134 Instances
912 4079 1061 4135 described
1074 4081 1102 4134 in
1115 4081 1163 4134 the
1176 4081 1229 4134 last
1239 4079 1400 4149 Aphorism,
1410 4079 1431 4133 it

281 4161 305 4215 is
319 4160 436 4214 difficult
449 4171 479 4214 to
493 4179 538 4218 see
552 4164 614 4217 how
623 4163 679 4217 this
692 4164 764 4217 class
777 4163 809 4216 oi
819 4163 958 4218 instances
971 4165 1133 4218 constitutos
1146 4181 1163 4217 a
1176 4163 1290 4217 distinct
1304 4163 1431 4218 division.

282 4244 389 4313 Surely,
403 4246 484 4299 when
498 4247 635 4314 regarded
654 4246 682 4300 in
700 4246 878 4312 themselves,
890 4258 937 4301 out
951 4248 982 4301 oi
998 4247 1115 4302 relation
1133 4256 1163 4301 to
1182 4247 1231 4302 the
1249 4248 1353 4314 others,
1367 4248 1432 4315 they

281 4344 329 4381 are
351 4328 456 4398 merely
478 4329 527 4382 the
550 4329 684 4398 ‘Glaring
707 4330 866 4384 Instances'
889 4331 947 4385 and
966 4330 1163 4387 ‘Clandestine
1188 4331 1346 4385 Instances’
1366 4347 1433 4386 over

281 4427 372 4479 agam.

317 4491 339 4523 ⁴⁴
360 4493 500 4550 Platinum
517 4494 541 4549 is
559 4495 672 4551 heavier
688 4495 757 4550 than
774 4495 848 4566 gold,
861 4497 941 4554 ether
953 4497 977 4553 is
993 4497 1095 4568 lighter
1107 4499 1177 4554 than
1196 4497 1290 4569 spirits
1302 4498 1335 4552 oi
1344 4495 1432 4564 wine;
