3358 5152
313 417 377 484 320
691 407 846 474 NOVUM
867 405 1084 462 ORGANUM.

313 573 395 639 coeli
418 572 558 657 supponi
579 581 725 657 possunt,
746 592 831 654 quae
854 592 928 636 cum
950 571 1184 655 phaenomenis
1204 582 1256 637 sat
1280 573 1365 637 bene
1386 594 1464 639 con·

312 679 456 754 veniunt,
473 679 556 741 inter
569 697 605 740 se
620 687 731 741 tamen
747 675 954 740 dissentiunt.

356 777 406 842 At
422 799 483 842 nos
497 779 539 860 de
557 776 745 858 hujusmodi
766 775 862 840 rebus
881 774 1108 859 opinabilibus,
1124 786 1158 841 et
1173 775 1270 840 simul
1285 777 1462 855 inutilibus,

313 903 378 948 non
393 882 590 946 laboramus.
634 879 684 944 At
700 890 815 945 contra
836 881 931 944 nobis
947 881 1165 944 constitutum
1183 889 1233 943 est
1253 882 1404 963 experiri,
1420 902 1462 945 an

313 1006 425 1050 revera
439 985 607 1069 potentiae
622 993 656 1048 et
672 983 899 1067 amplitudinis
914 983 1079 1048 humanae
1094 983 1238 1048 firmiora
1251 983 1463 1049 fundamenta

309 1089 420 1172 jacere
448 1109 487 1153 ac
520 1087 601 1152 fines
627 1089 660 1150 in
686 1088 784 1152 latius
813 1089 958 1170 proferre
988 1088 1150 1171 possimus
1159 1085 1196 1152 ³¹.
1242 1088 1358 1173 Atque
1387 1089 1463 1153 lIcet

311 1193 459 1278 sparsim,
487 1203 521 1257 et
548 1193 579 1256 in
606 1191 770 1275 aliquibus
795 1191 952 1274 subjectis
981 1192 1187 1275 specialibus,
1214 1192 1312 1274 longe
1337 1193 1464 1256 veriora

311 1298 493 1362 habeamus
509 1307 542 1362 et
560 1298 698 1361 certiora
713 1291 764 1381 (ut
782 1292 993 1380 arbitramur)
1008 1307 1109 1380 atque
1130 1296 1230 1360 etiam
1252 1297 1359 1379 magis
1378 1295 1463 1360 sruc-

311 1412 407 1467 tuosa
422 1422 522 1484 quam
538 1401 658 1484 quibus
673 1401 824 1464 homines
838 1399 948 1464 adhuc
964 1410 1100 1464 utuntur
1115 1397 1214 1485 (quae
1229 1401 1261 1463 in
1278 1402 1425 1483 quintam
1437 1399 1463 1437 ³2

313 1505 564 1570 Instaurationis
587 1516 718 1569 nostrae
741 1515 869 1589 partem
896 1503 1143 1588 congessimus),
1166 1515 1278 1569 tamen
1303 1504 1463 1570 theoriam

312 1611 435 1675 nullam
460 1608 675 1672 universalem
698 1618 755 1672 aut
779 1609 941 1692 integram
964 1609 1188 1692 proponimus.
1232 1607 1352 1691 Neque
1374 1609 1462 1672 enim

311 1715 387 1778 huic
401 1714 447 1777 rei
467 1722 599 1795 tempus
616 1711 726 1775 adhuc
743 1713 860 1777 adesse
874 1712 1014 1775 videtur.
1059 1711 1149 1794 Quin
1169 1731 1228 1775 nec
1249 1733 1342 1795 spem
1361 1712 1463 1778 habe·

312 1839 386 1882 mus
412 1818 500 1882 vitae
529 1816 760 1900 producendae
790 1817 833 1880 ad
859 1827 991 1881 sextam
1001 1813 1028 1852 ³³
1057 1816 1307 1879 Instaurationis
1332 1827 1462 1900 partem

311 1918 410 2006 (quae
432 1919 663 2004 philosophiae
684 1940 743 2004 per
764 1919 947 2003 legitimam
974 1919 1123 1982 Naturae
1151 1918 1462 2002 Interpretationem

313 2026 465 2088 inventae
487 2025 651 2088 destinata
677 2021 741 2108 est)
764 2022 1019 2100 absolvendam
1055 2024 1113 2087 sed
1142 2022 1222 2086 satis
1248 2023 1409 2087 habemus
1436 2025 1463 2086 si

313 2129 345 2192 in
361 2127 476 2192 mediis
490 2128 599 2192 sobrie
614 2136 648 2192 et
669 2126 792 2191 utiliter
809 2147 869 2190 nos
889 2146 1051 2208 geramus,
1069 2135 1168 2209 atque
1188 2126 1318 2190 interim
1337 2127 1463 2190 semina

312 2233 461 2296 veritatis
477 2232 659 2295 sincerioris
674 2231 706 2294 in
727 2241 877 2314 posteros
896 2250 1099 2314 spargamus,
1115 2240 1215 2314 atque
1236 2231 1335 2296 initiis
1354 2251 1461 2294 rerum

314 2356 506 2420 magnarum
521 2356 587 2400 non
603 2335 756 2402 desimus.

819 2472 962 2538 CXVII.

356 2610 470 2694 Atque
485 2611 766 2694 quemadmodum
782 2621 891 2675 sectae
906 2610 1092 2675 conditores
1112 2629 1179 2674 non
1200 2630 1322 2687 sumus,
1338 2609 1384 2676 ita
1404 2631 1463 2677 nec

313 2736 449 2798 operum
476 2717 722 2798 particularium
752 2715 922 2798 largitores
948 2725 1005 2778 aut
1031 2715 1255 2798 promissores.
1300 2714 1462 2780 Attamen

312 2821 417 2904 possit
439 2820 557 2903 aliquis
577 2820 640 2884 hoc
662 2821 762 2884 modo
784 2839 973 2896 occurrere;
996 2821 1087 2901 quod
1108 2840 1177 2896 nos,
1198 2820 1255 2903 qui
1275 2829 1344 2883 tam
1366 2840 1464 2901 saepe

312 2944 449 3006 operum
466 2925 665 2988 mentionem
679 2923 837 2987 iaciamus
853 2933 886 2988 et
901 2925 1014 2987 omnia
1030 2943 1070 2986 eo
1085 2923 1262 3001 trahamus,
1274 2923 1373 2987 etiam
1386 2944 1463 3006 ope·

313 3047 384 3090 rum
410 3028 597 3110 aliquorum
623 3027 764 3111 pignora
790 3028 1016 3092 exhibeamus.
1060 3027 1185 3091 Verum
1212 3027 1265 3090 via
1291 3037 1404 3091 nostra
1431 3037 1463 3091 et

312 3130 395 3193 ratio
418 3129 470 3217 (ut
492 3152 590 3216 saepe
612 3132 782 3216 perspicue
804 3132 949 3195 diximus
976 3142 1010 3195 et
1035 3131 1143 3195 adhuc
1170 3131 1277 3195 dicere
1295 3129 1402 3216 juvat)
1425 3151 1464 3195 ea

312 3243 380 3311 est;
403 3246 439 3300 ut
461 3257 529 3300 non
550 3257 649 3320 opera
670 3259 715 3301 ex
741 3236 896 3319 operibus
921 3236 989 3299 sive
1015 3235 1243 3318 experimenta
1264 3255 1308 3298 ex
1335 3236 1463 3318 experi-

313 3339 431 3403 mentis
451 3335 501 3423 (ut
521 3338 689 3423 empirici),
708 3342 766 3404 sed
788 3360 833 3403 ex
855 3339 1010 3422 operibus
1032 3347 1067 3402 et
1089 3337 1327 3421 experimentis
1349 3357 1465 3402 causas

313 3451 348 3508 et
377 3444 555 3519 axiomata,
582 3451 682 3525 atque
712 3464 756 3506 ex
787 3443 894 3509 causis
923 3451 957 3506 et
986 3442 1211 3506 axiomatibus
1239 3462 1349 3506 rursus
1379 3463 1463 3505 nova

314 3565 413 3627 opera
435 3555 468 3608 et
494 3545 721 3629 experimenta
743 3543 794 3632 (ut
820 3547 958 3631 legitimi
985 3547 1134 3611 Naturae
1158 3542 1381 3630 Interpretes),
1405 3567 1463 3610 ex·

313 3647 491 3713 trahamus.

358 3753 472 3836 Atque
494 3753 570 3818 licet
593 3754 627 3817 in
644 3754 766 3819 tabulis
787 3755 904 3819 nostris
926 3754 1110 3818 inveniendi
1130 3751 1326 3839 (exquibus
1347 3761 1464 3835 quarta

348 3941 369 3974 ³¹
390 3945 440 4013 Cp.
453 3944 500 3998 the
513 3943 572 3999 title
585 3944 615 3998 of
623 3943 672 3998 the
685 3945 798 3997 Novum
813 3943 967 4011 Organum,
982 3940 1161 4012 ‘Aphorismi
1180 3941 1216 3996 de
1231 3940 1463 4012 Interpretatione

314 4028 440 4081 Naturae
453 4038 481 4082 et
494 4031 593 4097 Regno
608 4026 758 4081 Hominis!

348 4107 371 4140 ⁸²
389 4111 458 4166 This
476 4120 538 4181 part
557 4127 613 4164 was
631 4119 661 4163 to
678 4109 713 4163 be
733 4109 851 4165 entitled
871 4109 1033 4165 ‘Prodromi
1053 4109 1111 4165 sive
1129 4108 1351 4179 Anticipationes
1373 4109 1464 4163 Philo·

313 4193 430 4264 sophiae
443 4193 606 4249 Secundae!
633 4193 695 4248 The
710 4193 824 4250 Prelace
837 4204 867 4249 to
881 4194 900 4249 it
914 4194 936 4248 is
950 4194 1097 4264 published
1110 4204 1139 4248 at
1152 4194 1201 4248 the
1213 4193 1269 4248 end
1282 4193 1315 4247 ol
1325 4193 1395 4248 Ellis
1407 4193 1473 4266 and,

313 4278 481 4349 Spedding's
494 4276 599 4333 second
611 4277 731 4333 volume.

347 4359 370 4391 ⁸³
389 4362 459 4415 This
480 4371 542 4431 part
560 4377 618 4416 was
639 4368 669 4414 to
689 4359 726 4416 be
746 4361 863 4416 entitled
882 4359 1081 4431 ‘Philosophia
1102 4362 1241 4427 Secunda,
1261 4359 1319 4414 sive
1339 4359 1464 4414 Scientia

312 4444 430 4582 Actipp!
465 4446 557 4499 There
570 4443 594 4498 is
607 4461 624 4498 a
637 4443 692 4499 fine
708 4444 878 4515 description
896 4443 929 4500 of
938 4443 958 4498 it
972 4443 1000 4497 in
1013 4445 1061 4500 the
1082 4443 1250 4501 Distributio
1263 4442 1373 4513 Operis.
1410 4445 1465 4500 See

312 4541 367 4598 p.1
409 4567 415 4581 .
