3280 5238
604 387 609 396 ’
682 401 762 456 rra.
785 402 828 458 rr.
850 412 904 473 40.
1290 393 1355 477 505

201 565 464 630 observationem
483 565 594 629 venire
615 565 701 630 solet
721 567 754 629 in
776 565 966 648 hujusmodi
987 566 1264 650 separationibus:
1290 568 1353 631 hoc

201 679 260 746 est,
287 671 446 752 plurimas
476 669 659 752 qualitates,
682 669 714 732 in
741 690 917 754 corporum
940 671 1174 734 vexationibus
1200 682 1268 735 tam
1294 691 1353 754 per

201 775 312 858 ignem
332 796 431 858 quam
453 775 534 838 alios
556 767 682 852 modos,
698 775 764 838 indi
786 775 829 838 ab
851 776 922 857 ipso
942 776 1018 858 igne
1037 776 1141 857 iisque
1160 776 1352 858 corporibus

200 900 286 961 quae
301 881 344 943 ad
360 880 602 962 separationem
617 879 825 956 adhibentur,
835 898 920 960 quae
936 880 968 942 iu
984 879 1168 963 composito
1181 881 1270 962 prius
1286 899 1351 942 non

200 983 350 1062 luerunt3
385 985 471 1048 unde
498 985 599 1048 mirae
630 983 788 1048 fallaciae.
841 984 960 1065 Neque
987 985 1074 1047 enim
1105 983 1228 1048 scilicet
1249 1004 1351 1067 vapor

200 1089 378 1164 universus,
405 1087 462 1170 qui
489 1109 532 1151 ex
560 1109 645 1169 aqua
668 1087 829 1152 emittitur
854 1109 914 1171 per
939 1089 1059 1170 ignem,
1083 1107 1187 1171 vapor
1212 1097 1271 1152 aut
1297 1095 1354 1152 aer

199 1201 297 1254 antea
318 1191 379 1254 suit
396 1192 429 1253 in
446 1212 582 1272 corpore
602 1211 725 1274 aquae3
749 1192 806 1255 sed
828 1191 934 1256 sactus
954 1203 1004 1256 est
1025 1192 1172 1256 maxima
1194 1212 1238 1255 ex
1258 1203 1352 1275 parte

199 1315 258 1378 per
273 1283 500 1359 dilatationem
516 1315 621 1378 aquae
635 1316 679 1358 ex
695 1296 803 1360 calore
818 1295 911 1378 iguis.

244 1397 404 1462 Similiter
419 1399 451 1462 in
469 1420 589 1481 genere
604 1420 720 1462 omnes
738 1400 925 1481 exquisitae
944 1399 1155 1483 probationes
1176 1418 1350 1482 corporum

200 1502 269 1566 sive
291 1501 488 1566 naturalium
512 1505 581 1566 sive
600 1502 825 1580 artificialium,
842 1523 900 1586 per
917 1509 999 1586 quas
1016 1524 1092 1566 vera
1113 1504 1350 1585 dignoscuntur

199 1605 242 1670 ab
266 1606 466 1680 adulterinis,
492 1607 627 1670 meliora
654 1627 674 1670 a
696 1607 875 1680 vilioribus,
897 1606 962 1671 huc
985 1607 1093 1670 referri
1120 1607 1262 1671 debent:
1293 1609 1350 1671 de·

198 1710 323 1774 ducunt
340 1711 427 1774 enim
444 1711 678 1774 non-sensibile
696 1711 738 1774 ad
760 1709 923 1774 sensibile.
969 1709 1056 1775 Sunt
1071 1710 1183 1793 itaque
1198 1710 1350 1794 diligenti

198 1834 275 1878 cura
291 1817 435 1898 undique
450 1815 698 1899 conquirendae.

242 1914 290 2004 (5)
306 1919 469 2000 Quintum
481 1940 558 1983 vero
574 1939 678 2002 genus
694 1918 878 1986 latitantiae
893 1918 982 2001 quod
998 1917 1125 1993 attinet,
1138 1918 1348 1983 manifestum

198 2032 248 2085 est
263 2023 426 2087 actionem
450 2043 564 2087 sensus
583 2023 719 2106 transigi
740 2023 772 2084 in
796 2032 898 2100 motu,
915 2033 1042 2086 motum
1059 2023 1266 2106 intempore.
1313 2023 1349 2087 Si

198 2127 297 2208 igitur
313 2138 423 2191 motus
439 2127 576 2208 alicujus
592 2126 738 2210 corporis
754 2126 795 2190 sit
806 2125 858 2188 vel
874 2135 942 2189 tam
956 2126 1078 2199 tardus,
1092 2127 1143 2189 vel
1160 2135 1230 2189 tam
1242 2127 1350 2202 velox,

198 2241 320 2294 utnon
344 2232 386 2295 sit
411 2232 677 2316 proportionatus
703 2230 746 2294 ad
773 2239 940 2292 momenta
963 2230 995 2292 in
1018 2231 1137 2312 quibus
1159 2230 1350 2314 transigitur

197 2335 285 2397 actio
306 2355 428 2412 sensus,
444 2334 611 2416 objectum
632 2334 765 2397 omnino
786 2353 852 2395 non
868 2333 1068 2416 percipitur3
1091 2342 1128 2396 ut
1143 2334 1176 2396 in
1193 2344 1285 2397 motu
1301 2335 1348 2398 in-

196 2438 278 2502 dicis
292 2437 463 2520 horologii,
479 2449 511 2502 et
528 2458 637 2502 rursus
653 2439 685 2501 in
702 2447 793 2500 motu
811 2436 896 2520 pilae
912 2437 1059 2520 sclopeti.
1104 2435 1221 2519 Atque
1236 2448 1347 2502 motus

197 2541 252 2623 qui
272 2543 315 2605 ob
331 2543 522 2606 tarditatem
542 2563 608 2605 non
629 2542 814 2626 percipitur,
829 2539 923 2604 facile
942 2550 976 2603 et
995 2541 1159 2604 ordinario
1175 2541 1348 2605 deducitur

196 2647 238 2709 ad
264 2666 396 2710 sensum
423 2667 481 2728 per
503 2667 649 2710 summas
676 2655 785 2709 motus
794 2643 840 2709 ⁷⁰:
871 2645 1032 2727 quivero
1058 2645 1103 2708 ob
1128 2643 1348 2720 velocitatem,

196 2748 305 2814 adhuc
326 2770 392 2814 non
413 2751 499 2814 bene
517 2749 697 2813 mensurari
718 2749 908 2826 consuevit;
932 2750 991 2812 sed
1006 2758 1118 2812 tamen
1136 2751 1283 2832 postulat
1300 2750 1348 2812 in-

195 2853 328 2934 quisitio
345 2863 480 2917 naturae
497 2864 533 2917 ut
548 2853 611 2918 hoc
627 2853 683 2917 fiat
700 2854 732 2917 in
748 2853 911 2936 aliquibus
921 2851 956 2914 ⁷¹.

238 2953 288 3042 (6)
312 2956 453 3020 Sextum
484 2967 594 3020 autem
629 2978 741 3040 genus,
772 2957 829 3021 ubi
846 2956 1038 3039 ‚impeditur
1068 2976 1181 3020 sensus
1212 2967 1348 3040 propter

196 3060 403 3124 nobilitatem
423 3061 551 3142 objecti,
567 3062 682 3145 recipit
700 3062 943 3134 deductionem,
959 3060 1010 3123 vel
1030 3081 1088 3144 per
1104 3061 1346 3142 elongationem

195 3163 355 3244 majorem
382 3165 502 3248 objecti
525 3186 546 3228 a
570 3186 685 3240 sensu3
715 3165 767 3229 vel
792 3186 851 3248 per
872 3164 1118 3228 hebetationem
1144 3163 1267 3246 objecti
1289 3185 1348 3248 per

195 3267 478 3352 interpositionem
511 3270 611 3332 medii
645 3269 730 3348 talis,
760 3271 849 3352 quod
888 3269 1055 3351 objectum
1091 3267 1250 3346 debilitet,
1280 3289 1346 3331 non

194 3501 338 3571 ploymeut
352 3502 428 3557 olan
441 3504 586 3558 abnonnal
599 3520 713 3572 process
727 3503 801 3559 osten
815 3503 891 3558 itsell
901 3502 1061 3559 introduces
1073 3519 1136 3557 new
1148 3501 1305 3558 conditione
1319 3502 1347 3556 in

193 3584 243 3639 the
255 3585 347 3655 object
359 3587 448 3642 under
460 3586 663 3656 investigation.

229 3667 252 3698 ⁷⁰
269 3670 295 3723 A
307 3670 383 3738 good
395 3669 522 3726 instance
535 3671 566 3725 ol
576 3670 632 3725 this
645 3671 742 3726 device
755 3669 778 3725 is
791 3672 839 3726 the
851 3688 906 3726 one
917 3671 1000 3740 given
1019 3670 1058 3738 by
1071 3671 1174 3737 Racon,
1187 3669 1235 3724 the
1255 3669 1347 3725 hands

194 3752 226 3806 ol
235 3769 252 3806 a
264 3753 353 3808 clock.
391 3755 454 3809 Still
467 3756 565 3809 slower
576 3754 706 3822 motions,
721 3755 812 3809 which
827 3771 892 3824 may
910 3755 945 3810 be
964 3754 1110 3808 measured
1131 3753 1195 3807 with
1215 3754 1347 3808 tolerable

193 3853 337 3906 accuracy,
353 3855 401 3892 are
418 3839 466 3892 the
484 3839 624 3894 elevation
639 3857 671 3893 or
687 3837 855 3894 subsidence
871 3838 903 3892 ol
920 3837 1086 3905 continents,
1101 3837 1150 3892 the
1170 3836 1299 3892 advance
1315 3855 1347 3891 or

193 3928 295 3974 retreat
308 3920 339 3974 ol
350 3921 466 3990 thesea,
479 3923 528 3977 the
540 3923 656 3991 gradual
669 3931 770 3978 retreat
783 3921 817 3976 ol
826 3921 981 3986 waterlalls,
994 3921 1045 3975 dre.

228 3999 251 4032 ⁷¹
270 4003 341 4058 This
357 4005 543 4076 requirement
560 4006 611 4061 has
628 4024 689 4060 now
702 4008 772 4061 been
786 4006 902 4061 lulfilled
918 4005 947 4059 in
964 4005 1012 4059 the
1029 4019 1092 4058 mse
1109 4003 1141 4057 ol
1154 4003 1231 4072 light,
1245 4003 1346 4069 sound,

192 4090 241 4144 the
254 4091 359 4146 motion
372 4093 404 4146 os
413 4093 577 4164 projectiles,
591 4092 751 4162 electricity,
765 4095 816 4148 &c
866 4094 991 4162 Perhaps
1009 4091 1057 4144 the
1076 4101 1150 4145 most
1167 4089 1346 4160 magnificent

192 4176 319 4244 example
332 4175 365 4230 of
373 4176 420 4230 the
433 4177 599 4231 calculation
612 4177 644 4231 os
653 4179 729 4246 large
742 4177 884 4232 velocities
898 4177 921 4231 is
935 4186 964 4230 to
977 4175 1011 4230 be
1024 4174 1110 4228 found
1122 4174 1150 4228 in
1168 4175 1216 4229 the
1234 4191 1299 4230 case
1317 4177 1349 4228 oi

192 4257 241 4311 the
254 4259 373 4328 velocity
384 4261 416 4314 ol
424 4260 505 4330 light,
518 4259 608 4315 which
621 4279 678 4316 was
691 4261 842 4331 computed
854 4277 891 4313 on
905 4258 1098 4315 observations
1111 4259 1143 4312 of
1158 4258 1206 4312 the
1224 4257 1343 4327 eclipses

191 4341 225 4394 ol
233 4342 363 4411 Jupiter’s
377 4345 511 4399 satellites
523 4345 579 4399 and
593 4345 746 4399 confirmed
759 4346 796 4414 by
810 4343 953 4414 Bradley's
966 4343 1111 4411 discovery
1123 4342 1155 4396 of
1169 4342 1217 4397 the
1231 4343 1343 4396 aberra-

192 4423 250 4478 tion
264 4425 296 4479 os
304 4425 383 4496 light.
421 4428 452 4482 ln
466 4438 560 4484 recent
573 4428 663 4498 times,
676 4429 699 4482 F
702 4427 777 4483 izeau
789 4429 846 4483 and
861 4427 994 4482 Foucault
1011 4428 1084 4481 have
1101 4425 1247 4481 measured
1266 4424 1286 4480 it
1304 4425 1343 4495 by

190 4508 278 4563 direct
290 4510 485 4580 experiments.
