3358 5152
311 379 373 448 260
688 383 843 439 NOVUM
863 381 1082 438 ORGANUM.

310 549 479 618 consilium
502 547 646 632 capiunt,
668 547 939 612 circumferuntur
960 548 1004 612 ad
1028 545 1141 624 multa,
1164 547 1222 610 sed
1246 565 1362 630 parum
1386 566 1461 630 pro·

311 664 468 733 movent;
507 662 541 717 et
566 655 766 737 quandoque
795 654 950 736 gestiunt,
983 653 1183 736 quandoque
1213 651 1460 728 distrahuntur3

311 771 345 824 et
364 779 494 841 semper
513 758 682 822 inveniunt
705 757 794 841 quod
815 755 952 848 ulterius
972 766 1141 840 quaerant.
1188 755 1270 820 Fere
1288 765 1400 819 autem
1416 755 1462 817 ita

312 863 358 940 fit,
386 872 424 927 ut
448 861 600 928 homines
628 861 743 924 leviter
766 871 799 924 et
830 870 989 943 tanquam
1015 880 1075 942 per
1102 859 1218 923 ludum
1240 860 1461 942 experiantur,

311 967 469 1031 variando
492 963 663 1048 paululum
687 965 914 1048 experimenta
934 964 1003 1046 jam
1027 965 1181 1047 cognita;
1206 974 1248 1041 et,
1271 965 1298 1026 si
1322 983 1373 1026 res
1398 983 1461 1025 non

312 1071 476 1148 succedat,
495 1069 695 1134 fastidiendo
716 1079 750 1132 et
773 1079 928 1132 conatum
952 1069 1143 1133 deserendo.
1188 1066 1289 1150 Quod
1308 1068 1335 1130 si
1357 1067 1463 1149 magis

312 1175 396 1238 serio
412 1182 446 1238 et
461 1182 651 1237 constanter
664 1193 702 1238 ac
722 1171 884 1237 laboriose
906 1173 949 1235 ad
974 1173 1204 1256 experimenta
1224 1193 1260 1235 se
1280 1171 1463 1253 accingant,

311 1288 424 1342 tamen
440 1277 472 1339 in
489 1297 554 1340 uno
573 1276 685 1358 aliquo
708 1277 939 1359 experimento
962 1277 1106 1342 eruendo
1130 1296 1264 1359 operam
1280 1275 1462 1350 collocant;

312 1380 592 1466 quemadmodum
610 1377 780 1444 Gilbertus
796 1380 828 1442 in
845 1388 1009 1463 magnete,
1026 1377 1178 1462 Chymici
1201 1380 1233 1442 in
1251 1399 1342 1442 auro.
1388 1377 1463 1440 Hoc

311 1495 423 1550 autem
449 1485 572 1549 iaciunt
599 1483 749 1549 homines
776 1484 929 1549 instituto
957 1505 1021 1547 non
1049 1484 1158 1546 minus
1184 1483 1337 1566 imperito
1364 1502 1462 1566 quam

311 1591 409 1653 tenui.
457 1588 566 1652 Nemo
592 1588 678 1651 enim
704 1588 842 1670 alicujus
867 1589 913 1651 rei
940 1597 1091 1652 naturam
1116 1589 1149 1650 in
1172 1587 1244 1670 ipsa
1266 1608 1300 1650 re
1324 1585 1464 1650 feliciter

313 1701 555 1776 perscrutatum
593 1692 651 1756 sed
683 1690 871 1776 amplianda
903 1702 953 1756 est
984 1691 1150 1774 inquisitio
1177 1692 1219 1754 ad
1245 1690 1350 1772 magis
1372 1709 1463 1754 eom-

315 1797 435 1861 munia.

358 1900 459 1983 Quod
482 1900 509 1963 si
531 1900 631 1965 etiam
655 1899 824 1966 scientiam
848 1900 1015 1982 quandam
1037 1910 1070 1964 et
1089 1900 1249 1983 dogmata
1268 1919 1312 1962 ex
1333 1897 1463 1980 experi-

314 2005 434 2070 mentis
457 2002 655 2090 moliantur3
682 2012 793 2068 tamen
816 2024 946 2087 semper
967 2004 1032 2067 iero
1055 2005 1167 2067 studio
1188 2021 1409 2086 praepropero
1431 2010 1465 2064 et

315 2107 548 2191 intempestivo
563 2107 741 2172 deflectunt
757 2110 800 2171 ad
817 2108 955 2190 praxin:
979 2127 1045 2171 non
1063 2117 1193 2171 tantum
1217 2115 1353 2190 propter
1369 2124 1464 2168 usum

314 2223 349 2277 et
371 2212 511 2277 fructum
534 2211 696 2292 ejusmodi
720 2233 871 2294 praxeos,
895 2213 952 2275 sed
985 2220 1021 2274 ut
1052 2211 1084 2274 in
1115 2231 1216 2292 opere
1241 2210 1355 2294 aliquo
1378 2229 1465 2272 novo

313 2315 416 2380 veluti
440 2317 558 2398 pignus
581 2315 644 2378 sibi
666 2316 833 2398 arripiant,
854 2337 890 2378 se
912 2336 977 2380 non
1003 2315 1162 2379 inutiliter
1185 2316 1217 2377 in
1241 2313 1375 2395 reliquis
1395 2333 1465 2376 ver-

315 2429 466 2497 saturos3
493 2429 593 2502 atque
616 2421 716 2484 etiam
739 2421 811 2483 aliis
833 2441 869 2483 se
888 2420 1060 2484 venditent
1069 2417 1105 2497 ⁷⁷,
1126 2421 1167 2483 ad
1186 2418 1465 2482 existimationem

315 2524 484 2590 meliorem
500 2525 755 2606 comparandam
771 2526 814 2588 de
830 2525 869 2587 iis
885 2525 917 2587 in
934 2525 1053 2606 quibus
1069 2525 1220 2606 occupati
1236 2533 1323 2586 sunt.
1361 2523 1413 2585 Ita
1428 2521 1465 2584 iit

316 2636 361 2702 ut,
384 2647 476 2690 more
498 2625 679 2692 Atalantae
690 2626 727 2706 ⁷⁸,
742 2630 785 2692 de
807 2629 860 2690 via
882 2628 1042 2692 decedant
1063 2628 1104 2691 ad
1124 2626 1309 2691 tollendum
1331 2646 1464 2689 aureum

316 2752 474 2815 pomum;
510 2731 639 2795 interim
669 2752 747 2797 vero
789 2752 919 2796 cursum
953 2733 1202 2814 interrumpant,
1233 2741 1266 2794 et
1296 2730 1465 2794 victoriam

315 2835 471 2900 emittant
494 2855 513 2898 e
535 2835 696 2900 manibus.
751 2835 877 2900 Verum
905 2837 937 2898 in
962 2836 1185 2917 experientiae
1207 2856 1286 2898 vero
1308 2831 1466 2899 curriculo

316 2961 421 3021 eoque
436 2938 479 3003 ad
495 2959 580 3004 nova
600 2960 702 3022 opera
724 2941 948 3022 producendo,
965 2940 1086 3003 Divina
1108 2939 1280 3023 Sapientia
1288 2939 1314 2978 ⁷⁰
1332 2940 1466 3002 omnino

317 3054 351 3108 et
366 3044 448 3107 ordo
464 3063 523 3125 pro
538 3043 720 3126 exemplari
739 3045 900 3108 sumenda
921 3055 1007 3109 sunt.
1054 3045 1146 3108 Deus
1161 3053 1273 3109 autem
1289 3044 1397 3125 primo
1413 3043 1467 3107 die

316 3247 501 3304 venationem
514 3247 599 3304 Panis
613 3249 679 3318 (hoc
690 3267 793 3306 nomen
806 3269 840 3305 ex
852 3251 947 3306 sabula
963 3250 1091 3319 mutuati)
1105 3250 1273 3320 quandoque
1285 3250 1468 3320 appellamus.

317 3334 449 3388 Attamen
462 3333 700 3402 quemadmodum
713 3333 801 3403 possit
814 3335 876 3406 quis
890 3334 918 3388 in
928 3335 974 3389 via
987 3351 1038 3389 sua
1050 3332 1149 3404 triplici
1163 3333 1248 3387 modo
1260 3333 1403 3403 progredi;
1419 3342 1467 3388 aut

317 3416 490 3487 compalpet
500 3418 559 3486 titre
571 3420 601 3471 in
614 3419 734 3472 tenebris
739 3436 756 3484 ,·
773 3427 821 3473 aut
834 3435 899 3473 cum
911 3419 1030 3472 alterius
1046 3435 1133 3471 manu
1148 3417 1278 3485 ducatur,
1291 3419 1350 3487 epse
1358 3421 1467 3488 pamm

317 3500 436 3565 vr'donsJ
453 3508 501 3553 aut
518 3499 638 3571 denique
657 3519 720 3556 cum
738 3503 861 3572 vestrgr'a
878 3502 987 3555 lumino
1004 3500 1129 3556 adhibeto
1145 3506 1245 3572 regat:
1263 3499 1390 3555 similiter
1404 3518 1468 3556 cum

317 3583 380 3656 quis
397 3585 588 3654 ezpm'menta
605 3587 755 3656 omnrgma
771 3586 873 3654 absque
887 3585 949 3639 ullo
965 3587 1037 3638 serie
1054 3589 1106 3638 aul
1122 3583 1247 3637 methodo
1264 3590 1356 3651 tentet,
1371 3601 1405 3638 ea
1420 3585 1468 3638 de·

317 3683 395 3722 mum
413 3683 490 3721 mera
507 3675 551 3721 est
567 3667 705 3737 palpati0;
728 3686 792 3723 cum
808 3685 875 3722 vero
894 3667 1034 3722 nonnullo
1052 3673 1156 3721 utatur
1172 3669 1202 3721 in
1221 3668 1469 3737 operimentum

317 3752 467 3808 directione
478 3755 506 3802 et
517 3751 622 3818 ordene,
636 3751 750 3821 perinde
769 3761 812 3807 est
828 3769 862 3806 ac
880 3751 904 3806 si
923 3769 1008 3806 manu
1025 3751 1159 3805 ducatur:
1179 3761 1264 3820 atque
1279 3752 1333 3805 hoc
1345 3750 1413 3805 illud
1425 3761 1468 3807 est

317 3834 393 3904 quod
417 3851 468 3903 per
489 3833 697 3904 Experientiam
722 3834 875 3890 Literatam
899 3833 1088 3904 intelligimus.
1134 3835 1210 3888 Nam
1232 3835 1341 3889 Lumen
1366 3837 1468 3905 aprum,

318 3916 394 3987 quod
416 3915 527 3972 tertium
547 3917 606 3983 suit,
626 3919 662 3972 ab
685 3917 917 3988 Interpretatione
938 3919 1072 3983 Naturae,
1095 3917 1154 3972 sive
1176 3919 1259 3972 Novo
1279 3918 1402 3987 Organo,
1421 3934 1467 3988 pe·

318 3999 434 4055 tendum
446 3999 505 4055 est!

354 4079 376 4112 Π
395 4083 481 4137 ‘Puff
493 4082 679 4151 themselves'
692 4100 724 4138 as
741 4082 900 4138 tradesmen
918 4083 981 4154 puff
994 4084 1066 4138 their
1079 4101 1174 4152 wares,
1189 4084 1211 4139 is
1227 4086 1275 4140 the
1292 4083 1469 4155 explanation

320 4164 410 4220 which
424 4167 475 4220 Dr.
486 4165 601 4220 Kitchin
614 4166 717 4235 rightly
729 4165 807 4235 gives
819 4167 851 4220 oi
860 4166 916 4222 this
928 4168 1038 4237 phrase.

354 4245 376 4278 ⁷⁸
395 4251 491 4303 Bacon
504 4247 527 4303 is
541 4267 607 4319 very
619 4249 687 4304 fond
700 4250 730 4303 of
744 4249 799 4304 this
817 4250 1000 4320 comparison.
1038 4252 1095 4306 For
1106 4252 1154 4308 the
1167 4253 1190 4306 F
1192 4252 1255 4306 able
1266 4253 1324 4306 and
1339 4251 1374 4306 its
1386 4250 1469 4307 inter-

321 4332 466 4402 pretation,
479 4349 526 4387 see
539 4334 584 4387 De
598 4331 742 4403 Sapientia
751 4334 891 4402 Veterum,
905 4334 928 4387 F
929 4335 974 4389 ab.
988 4346 1030 4404 23,
1044 4335 1194 4391 ‘Atalanta
1207 4335 1265 4390 sive
1279 4335 1416 4390 Lucrum!

354 4411 378 4444 '¹⁰
399 4417 431 4468 ln
444 4417 492 4470 the
504 4426 560 4471 text
572 4416 605 4470 ol
619 4417 667 4472 the
683 4417 742 4473 first
757 4417 878 4484 Edition,
893 4435 934 4473 we
948 4419 1021 4473 have
1036 4419 1194 4486 Prudentia,
1208 4420 1266 4486 but,
1281 4419 1309 4472 in
1322 4420 1370 4474 the
1382 4417 1428 4473 list
1442 4419 1474 4474 oi

322 4498 423 4552 Errata
437 4509 466 4553 at
477 4499 525 4554 the
537 4499 594 4554 end
605 4500 637 4553 oi
646 4502 694 4555 the
707 4501 795 4567 Boolr,
809 4500 953 4570 Sapientia
966 4501 989 4555 is
1002 4501 1179 4556 substituted.
