3308 5152
304 413 346 484 74
713 407 1046 466 rwrroovcrront.

300 581 416 651 respect
443 573 488 634 for
515 573 566 635 the
593 574 742 651 authority
765 575 801 634 of
824 573 974 647 Aristotle,
1000 593 1018 634 a
1045 574 1273 634 consciousness
1301 573 1364 633 that
1392 571 1451 633 this

300 673 448 748 authority
462 691 521 731 was
535 671 625 732 liable
639 683 671 732 to
686 672 726 732 be
739 673 879 746 strained,
894 673 955 732 and
968 691 987 731 a
1001 672 1231 732 determination
1250 683 1281 732 to
1298 673 1387 731 claim
1405 673 1451 731 for

195 756 203 774 “
300 769 422 829 himself
440 769 501 829 and
520 770 566 829 his
585 771 837 846 contemporaries
858 771 910 830 the
928 769 1034 847 liberty
1049 771 1084 829 of
1101 771 1226 848 enquiry
1244 770 1313 843 and,
1329 771 1356 829 if
1372 769 1450 828 need

300 886 383 941 were,
394 886 469 927 even
481 868 516 928 of
526 869 649 928 dissent.
674 870 772 927 ‘Nam
784 868 822 928 de
837 869 959 928 famosis
973 868 1169 945 philosophus
1181 869 1262 927 solus
1277 868 1451 927 Aristoteles

301 985 370 1025 cum
385 985 439 1025 sua
453 966 564 1025 familia
579 976 700 1026 vocatus
711 977 756 1026 est
768 965 882 1043 judicio
897 967 1033 1026 omnium
1042 967 1218 1043 sapientum,
1235 967 1378 1043 quoniam
1387 967 1451 1042 ipse

300 1081 406 1123 omnes
419 1074 517 1140 partes
531 1064 739 1140 philosophiae
753 1064 874 1141 digessit
895 1064 1061 1123 secundum
1078 1063 1304 1140 possibilitatem
1319 1064 1364 1122 sui
1378 1073 1452 1122 tem·

301 1162 389 1238 poris,
406 1161 460 1221 sed
479 1172 580 1221 tamen
595 1162 635 1221 ad
650 1162 742 1221 finem
762 1163 924 1239 sapientiae
942 1180 1004 1221 non
1025 1163 1167 1239 pervenit,
1183 1163 1259 1222 sicut
1274 1162 1344 1221 satis
1359 1162 1451 1220 mani·

300 1258 456 1319 testabitur
483 1260 605 1318 inferius
613 1259 653 1320 ²⁰3
714 1261 794 1319 ‘Hic
822 1261 903 1320 enim
932 1258 1175 1336 praecedentium
1203 1260 1449 1337 philosophorum

300 1375 411 1417 errores
436 1358 597 1432 evacuavit,
621 1368 651 1418 et
677 1359 879 1436 augmentavit
907 1357 1136 1435 philosophiam,
1165 1359 1298 1434 aspirans
1325 1358 1364 1418 ad
1386 1358 1450 1433 ejus

301 1456 563 1532 complementum,
590 1455 673 1533 quod
694 1456 852 1517 habuerint
874 1457 988 1534 antiqui
1010 1457 1201 1533 patriarchae,
1227 1456 1364 1533 quamvis
1388 1474 1450 1514 non

299 1553 396 1627 potuit
419 1553 534 1630 singula
558 1555 707 1630 perficere.
752 1556 830 1613 Nam
850 1555 1027 1630 posteriores
1048 1554 1146 1630 ipsum
1167 1553 1198 1611 in
1218 1552 1368 1629 aliquibus
1389 1572 1450 1611 cor-

300 1661 445 1723 rexerunt,
461 1662 490 1711 et
505 1652 598 1711 multa
611 1652 651 1711 ad
665 1653 730 1728 eJus
744 1671 835 1728 opera
845 1651 1033 1725 addiderunt,
1045 1662 1074 1711 et
1087 1651 1187 1711 adhuc
1194 1651 1344 1710 addentur
1354 1669 1449 1726 usque

299 1749 338 1808 ad
354 1749 445 1808 finem
463 1749 586 1823 mundi;
608 1750 678 1827 quia
692 1750 765 1808 nihil
779 1761 824 1810 est
838 1751 1002 1827 perfectum
1018 1751 1049 1808 in
1064 1750 1202 1808 humanis
1217 1748 1447 1821 inventionibus

300 1857 332 1906 ut
346 1847 377 1905 in
391 1847 538 1924 prioribus
548 1858 593 1906 est
604 1848 779 1924 expositum.
811 1851 904 1908 Hunc
915 1859 1019 1907 natura
1029 1849 1163 1920 fimtavit,
1176 1857 1208 1906 ut
1217 1847 1289 1908 dicit
1303 1849 1449 1906 Averroes

300 1945 331 2003 in
352 1956 385 2020 3⁰
405 1945 444 2004 de
463 1946 582 2019 Anima,
599 1956 631 2005 ut
650 1946 785 2005 ultimam
806 1947 1020 2023 perfectionem
1042 1946 1172 2006 hominis
1189 1946 1342 2005 inveniret.
1387 1945 1448 2004 Hie

299 2043 435 2101 omnium
449 2044 695 2120 philosophorum
707 2063 881 2122 magnorum
897 2045 1069 2104 testimonio
1081 2045 1242 2120 praefertur
1252 2043 1446 2120 philosophis,

300 2151 330 2200 et
344 2140 550 2218 philosophiae
564 2142 775 2202 ascribendum
789 2154 835 2202 est
849 2143 879 2202 id
894 2142 977 2220 quod
991 2143 1055 2219 ipse
1069 2142 1223 2201 affirmavit
1235 2162 1244 2215 3
1264 2141 1345 2201 unde
1367 2159 1447 2199 nunc

299 2240 441 2315 temporis
462 2240 683 2300 antonomatice
709 2239 908 2316 Philosophus
930 2241 1107 2314 nominatur,
1132 2240 1162 2298 in
1185 2240 1361 2299 auctoritate
1385 2239 1448 2314 phi-

299 2337 461 2413 losophiae,
488 2338 563 2398 sicut
586 2339 696 2397 Paulus
718 2339 749 2396 in
764 2339 899 2398 doctrina
923 2339 1085 2416 sapientiae
1107 2356 1207 2397 sacrae
1215 2336 1255 2397 ⁷¹!
1298 2338 1355 2396 ‘Et
1386 2355 1447 2396 non

299 2434 390 2494 credo
405 2433 488 2511 quod
502 2436 677 2496 Aristoteles
691 2437 758 2513 plus
773 2437 858 2496 scivit
872 2455 964 2513 quam
978 2437 1076 2496 sciunt
1090 2437 1181 2512 aliqui
1195 2436 1343 2512 sapientes
1358 2435 1446 2493 simul

299 2534 477 2609 congregati.
522 2535 593 2593 Non
614 2533 683 2594 dico
703 2535 776 2612 quin
796 2536 881 2594 scivit
895 2535 979 2614 plura
993 2534 1128 2612 quolibet
1142 2553 1194 2612 per
1208 2553 1248 2607 se,
1265 2534 1319 2594 sed
1333 2534 1447 2610 aliquot

298 2631 387 2689 simul
407 2632 502 2707 juncti
523 2632 607 2708 plura
628 2632 758 2692 facerent
779 2652 870 2710 quam
892 2634 956 2710 ipse
975 2634 1053 2707 fecit,
1070 2633 1094 2692 si
1109 2651 1253 2709 expensas
1267 2633 1448 2692 sufficientes

299 2728 443 2788 haberent
454 2728 493 2790 ἵζ’
543 2731 581 2788 In
602 2731 729 2791 another
752 2749 821 2808 very
846 2731 1031 2792 remarkable
1053 2749 1184 2808 passage,
1211 2731 1357 2806 strangely
1380 2731 1447 2788 mis·

299 2826 479 2903 interpreted
489 2827 529 2904 by
541 2830 592 2887 Dr.
605 2827 693 2904 Jebb,
705 2830 772 2889 who
783 2830 808 2888 is
822 2831 977 2906 implicitly
987 2830 1125 2890 followed
1141 2829 1179 2906 by
1195 2831 1246 2888 Dr.
1263 2827 1445 2900 Whewell⁷³,

300 2926 400 3001 Roger
424 2927 534 2999 Bacon,
558 2927 643 2986 while
664 2928 794 3004 praising
815 2929 956 2987 Aristotle
978 2928 1100 2987 himself
1116 2946 1148 2986 as
1171 2926 1394 3003 indispensable
1415 2936 1446 2984 to

298 3023 350 3082 the
371 3022 492 3083 student
511 3024 546 3083 of
563 3024 750 3102 philosophy,
771 3027 936 3102 complains
955 3043 989 3086 so
1009 3025 1127 3102 bitterly
1148 3026 1183 3083 of
1200 3026 1251 3084 the
1271 3025 1446 3099 inaccuracy

298 3121 359 3180 and
380 3119 530 3198 obscurity
544 3122 579 3181 of
600 3123 651 3181 the
670 3124 860 3183 translations
880 3125 943 3184 that
962 3124 1001 3184 be
1022 3143 1087 3201 says
1107 3125 1129 3183 it
1150 3123 1248 3182 would
1270 3123 1345 3182 have
1366 3121 1445 3181 been

298 3217 395 3278 better
412 3219 437 3277 if
451 3220 521 3295 they
534 3219 594 3279 had
614 3239 704 3280 never
721 3220 800 3280 been
821 3222 918 3295 made,
938 3223 1008 3296 and,
1029 3221 1089 3282 had
1104 3223 1142 3282 he
1156 3239 1255 3298 power
1268 3239 1339 3280 over
1352 3221 1444 3293 them,

299 3316 337 3376 he
352 3317 450 3376 would
464 3335 554 3376 cause
568 3318 650 3376 them
665 3318 703 3377 all
718 3329 749 3378 to
764 3318 803 3379 be
812 3319 909 3380 burnt.
955 3323 1022 3380 ‘De
1036 3339 1096 3397 qua
1109 3338 1199 3379 causa
1212 3329 1257 3378 est
1272 3320 1446 3395 perversitas

298 3416 497 3474 translationis
518 3417 647 3474 maxime
666 3417 696 3474 in
722 3418 803 3477 libris
825 3419 992 3478 Aristotelis
1010 3430 1039 3478 et
1059 3417 1269 3493 scientiaejus,
1285 3427 1446 3494 quaesunt

298 3512 527 3572 fundamentum
537 3515 627 3573 totius
645 3514 734 3574 studii
749 3516 919 3592 sapientiae.
943 3518 1044 3592 Quare
1055 3518 1105 3594 qui
1118 3517 1232 3594 ignorat
1241 3515 1306 3592 ejus
1319 3514 1445 3586 labores,

297 3611 329 3668 in
344 3629 453 3669 vanum
468 3610 581 3670 laborat
596 3623 626 3672 et
639 3613 721 3672 littus
735 3624 805 3687 arat,
821 3633 1019 3692 necunquam
1034 3625 1133 3693 potest
1144 3616 1175 3673 in
1188 3615 1253 3673 aliis
1268 3614 1444 3690 promoveri.

298 3709 347 3768 Sic
361 3710 518 3769 translatae
533 3719 602 3768 sunt
621 3721 652 3770 et
672 3712 813 3772 scientiae
835 3730 1019 3787 communes,
1040 3723 1073 3771 ut
1092 3713 1196 3789 logica,
1219 3711 1359 3771 naturalis
1383 3712 1446 3787 phi-

297 3807 442 3883 losophia,
459 3807 676 3882 mathematica,
693 3820 725 3869 ut
743 3811 842 3870 nullus
861 3812 993 3870 mortalis
1012 3811 1105 3888 possit
1126 3810 1240 3887 aliquid
1261 3809 1385 3886 dignum
1406 3808 1445 3868 de

329 4022 349 4051 ⁷⁰
366 4024 437 4088 Opus
449 4023 540 4086 Majus,
551 4039 609 4090 pars
620 4024 636 4074 i.
648 4041 703 4090 cap.
716 4039 731 4088 3
745 4027 803 4088 (Ed.
813 4027 887 4091 Jebb,
898 4043 924 4092 p.
934 4025 970 4090 6).

328 4099 348 4130 ²¹
365 4101 403 4151 Id.
417 4117 474 4166 pars
485 4102 510 4150 ii.
523 4117 578 4167 cap.
589 4104 605 4151 8
618 4103 676 4167 (Ed.
687 4104 760 4169 Jebb,
772 4121 797 4170 p.
810 4105 861 4170 36).

329 4175 350 4207 '²
365 4180 437 4244 Opus
447 4179 568 4242 Tertium,
580 4197 635 4245 cap.
648 4180 679 4242 36
692 4181 750 4247 (Ed.
764 4183 868 4243 Brewer,
880 4199 906 4248 p.
920 4184 988 4246 117).

329 4254 349 4284 τ’
366 4257 430 4307 Both
443 4257 512 4308 these
522 4261 616 4309 writers
627 4262 732 4311 hauafer
741 4261 808 4312 what
820 4263 904 4311 Bacon
915 4277 971 4326 says
983 4261 1012 4311 of
1022 4261 1064 4312 the
1075 4260 1234 4312 translations
1246 4259 1275 4310 of
1287 4259 1409 4310 Aristotle
1419 4267 1447 4310 to

297 4335 341 4385 the
351 4336 434 4386 works
445 4336 475 4386 of
482 4337 602 4388 An‘stotle
614 4336 721 4399 himself,
733 4338 791 4388 thus
806 4339 898 4389 almost
913 4339 1073 4406 grotesquely
1082 4339 1298 4404 misrepresenting
1314 4339 1355 4388 the
1372 4340 1446 4388 senti·

298 4419 378 4464 ments
390 4413 418 4462 of
426 4412 468 4463 the
479 4415 577 4466 author.
610 4415 657 4466 See
666 4418 710 4468 Dr.
721 4415 807 4481 Jebb’s
814 4417 914 4468 Prefaoe
926 4425 953 4467 to
964 4419 1005 4469 the
1014 4418 1085 4482 Opus
1094 4417 1184 4482 Majus,
1192 4417 1241 4466 and
1251 4419 1295 4466 Dr.
1305 4416 1448 4467 Whewell's

298 4490 403 4556 llistory
414 4491 443 4540 of
451 4493 493 4542 the
505 4493 632 4544 Inductive
642 4493 762 4552 Seleucea,
773 4495 817 4557 3rd
830 4496 886 4558 Ed,
897 4496 947 4546 vol.
959 4496 975 4546 l.
987 4512 1011 4562 p.
1022 4509 1077 4560 371.
