3250 5138
677 395 755 454 LIB.
779 396 822 454 Il.
847 401 899 470 50.
1291 405 1354 478 573

203 556 322 640 Atque
356 559 544 624 audivimus
578 559 743 624 inventam
776 582 848 626 esse
876 561 945 644 jam
980 561 1176 640 machinam,
1210 563 1354 646 aliquam

203 663 373 728 naviculae
405 673 463 728 aut
495 665 647 747 scaphae,
677 686 762 748 quae
791 667 941 731 homines
974 668 1087 731 subter
1118 668 1213 750 aquis
1238 668 1356 734 vehere

204 767 309 849 possit
342 769 386 832 ad
418 769 526 851 spatia
560 769 716 832 nonnulla
726 768 764 833 ⁰⁶.
808 771 932 834 Verum
966 772 1028 834 sub
1059 772 1116 836 tali
1146 793 1233 847 vase,
1259 775 1356 856 quale

204 871 305 935 modo
320 872 475 949 diximus,
491 893 627 954 corpora
642 874 777 955 quaevis
797 875 891 938 facile
912 877 1070 957 suspendi
1094 877 1240 958 possint;
1263 877 1356 960 cujus

204 993 303 1038 causa
318 975 381 1038 hoc
397 976 663 1058 experimentum
680 977 890 1040 adduximus.

249 1077 312 1143 Est
327 1089 360 1142 et
376 1077 459 1144 alius
471 1100 549 1143 usus
565 1079 732 1162 diligentis
748 1091 781 1146 et
797 1081 963 1163 perfectae
978 1079 1147 1146 clausurae
1163 1103 1354 1166 corporum:

204 1203 332 1265 nempe,
349 1203 414 1245 non
430 1183 536 1246 solum
553 1194 589 1247 ut
605 1184 820 1267 prohibeatur
837 1187 948 1249 aditus
966 1187 1050 1250 ae'ris
1065 1207 1123 1269 per
1138 1189 1284 1252 exterius
1300 1188 1356 1270 (de

204 1308 271 1369 quo
283 1286 354 1367 jam
369 1288 495 1351 dictum
518 1285 590 1371 est),
606 1309 720 1352 verum
741 1289 840 1354 etiam
863 1301 899 1354 ut
920 1290 1114 1358 cohibeatur
1135 1293 1244 1355 exitus
1260 1293 1355 1375 spiri-

204 1399 259 1453 tus
273 1392 429 1474 corporis,
443 1412 541 1475 super
555 1392 645 1474 quod
662 1391 699 1458 fit
715 1395 865 1476 operatio
880 1415 939 1477 per
955 1395 1100 1458 interius.
1145 1395 1290 1459 Necesse
1305 1407 1355 1460 est

204 1493 291 1558 enim
313 1505 349 1558 ut
373 1497 521 1579 operanti
544 1497 629 1560 circa
651 1517 789 1580 corpora
816 1498 978 1561 naturalia
1003 1508 1130 1562 constet
1153 1499 1194 1562 de
1218 1501 1355 1564 summis

204 1599 290 1661 suis:
312 1599 373 1662 viz.
389 1599 479 1681 quod
499 1599 580 1663 nihil
596 1601 752 1682 expirarit
768 1611 824 1665 aut
840 1601 1013 1665 effluxerit.
1059 1603 1160 1667 Fiunt
1175 1603 1261 1666 enim
1278 1624 1354 1686 pro-

204 1701 327 1765 fundae
348 1702 558 1769 alterationes
581 1705 613 1767 in
637 1705 837 1786 corporibus,
858 1705 1000 1788 quando,
1022 1718 1137 1770 natura
1159 1707 1355 1790 prohibente

204 1805 485 1885 annihilationem,
500 1829 553 1871 ars
573 1808 746 1890 prohibeat
769 1810 868 1872 etiam
890 1810 1151 1892 deperditionem
1172 1820 1229 1873 aut
1244 1809 1354 1874 evola·

204 1910 327 1976 tionem
343 1911 480 1992 alicujus
494 1913 640 1995 partis⁰⁷.
675 1911 792 1993 Atque
807 1913 869 1976 hac
885 1913 927 1976 de
942 1934 975 1976 re
994 1913 1131 1979 invaluit
1146 1915 1259 1997 opinio
1274 1915 1356 1978 falsa

205 2011 305 2096 (quae
321 2014 347 2077 si
360 2036 436 2080 vera
449 2026 543 2090 esset,
555 2016 596 2079 dc
609 2017 672 2079 ista
687 2018 934 2080 conservatione
949 2038 1099 2082 summae
1111 2029 1219 2082 certae
1231 2019 1356 2100 absque

205 2118 422 2182 diminutione
439 2130 523 2182 esset
536 2119 602 2182 fere
614 2118 886 2204 desperandum):
905 2122 967 2184 viz.
979 2122 1113 2204 spiritus
1124 2143 1309 2206 corporum,
1322 2133 1355 2186 et

204 2229 314 2286 aerem
327 2223 443 2304 majori
454 2224 559 2306 gradu
572 2223 688 2288 caloris
701 2234 918 2300 attenuatum,
931 2224 1030 2288 nullis
1042 2246 1194 2290 vasorum
1207 2226 1355 2290 claustris

205 2347 301 2410 posse
321 2327 489 2401 contineri,
504 2327 584 2410 quin
605 2348 663 2410 per
683 2348 783 2410 poros
800 2348 954 2391 vasorum
974 2327 1160 2392 subtiliores
1178 2330 1309 2393 evolent
1319 2327 1354 2391 ⁹⁸.

204 2429 321 2512 Atque
337 2430 369 2493 in
383 2429 467 2494 hanc
482 2432 669 2510 opinionem
681 2432 816 2495 adducti
833 2441 908 2495 sunt
921 2431 1071 2496 homines
1084 2432 1286 2515 pervulgata
1298 2432 1355 2496 illa

204 2535 441 2615 experimenta,
451 2535 559 2618 poculi
570 2535 689 2600 inversi
700 2556 798 2618 super
809 2556 930 2617 aquam
941 2556 1015 2599 cum
1026 2536 1165 2600 candela
1175 2547 1233 2600 aut
1243 2536 1356 2600 charta

205 2637 416 2711 inflammata,
435 2659 478 2702 ex
501 2660 567 2722 quo
591 2638 628 2702 fit
652 2650 687 2703 ut
708 2659 794 2721 aqua
817 2659 945 2703 sursum
967 2639 1170 2715 attrahatur3
1195 2651 1296 2722 atque
1314 2641 1355 2702 si-

205 2741 328 2806 militer
349 2751 571 2818 ventosarum,
595 2763 680 2825 quae
704 2763 803 2825 super
826 2742 994 2807 flammam
1022 2743 1199 2808 calefactae
1222 2743 1355 2806 trahunt

204 2865 326 2910 carnes.
372 2845 576 2910 Existimant
600 2848 685 2911 enim
706 2847 738 2908 in
759 2856 899 2928 utroque
919 2847 1150 2930 experimento
1172 2854 1282 2910 aerem
1305 2857 1356 2910 at·

204 2959 377 3012 tenuatum
408 2951 558 3027 emittill,
582 2961 615 3014 et
646 2951 724 3014 inde
753 2960 911 3032 quantum
941 2951 1042 3033 ipsius
1075 2951 1186 3027 minui,
1217 2952 1357 3033 ideoque

204 3073 324 3136 aquam
341 3065 399 3118 aut
426 3075 539 3118 carnes
565 3076 624 3138 per
649 3077 766 3118 ncxrrm
789 3057 974 3119 succedere.
1021 3054 1120 3136 Quod
1145 3054 1356 3118 falsissimum

205 3165 264 3222 est.
310 3157 382 3221 Ae'r
397 3159 486 3223 enim
502 3181 566 3223 non
583 3170 704 3242 quanto
719 3160 920 3233 diminuitur,
938 3160 996 3223 sed
1013 3159 1119 3241 spatio
1134 3157 1357 3232 contrahitur;

206 3282 313 3343 neque
342 3263 455 3346 incipit
485 3276 596 3328 motus
626 3265 687 3328 iste
713 3264 927 3328 successionis
953 3284 1068 3346 aquae,
1093 3273 1272 3345 antequam
1300 3262 1358 3327 frat

205 3365 367 3428 extinctio
383 3365 537 3430 flammae
551 3377 610 3431 aut
632 3366 833 3449 refrigeratio
853 3367 956 3429 aeris:
980 3366 1064 3430 adeo
1086 3377 1123 3430 ut
1145 3365 1272 3443 medici,
1291 3385 1358 3448 quo

240 3662 262 3695 ⁹⁶
283 3665 333 3734 Cp.
343 3665 414 3720 New
423 3665 554 3733 Atlantis,
564 3665 663 3720 E.and
672 3666 709 3732 S,
718 3665 772 3719 vol.
784 3664 820 3718 iii.
829 3683 856 3735 p.
868 3664 916 3734 163
929 3683 936 3720 ε
958 3665 1027 3719 ‘We
1036 3664 1110 3719 have
1121 3664 1200 3734 ships
1209 3665 1266 3718 and
1277 3663 1359 3720 boats

204 3749 247 3804 for
258 3747 344 3817 going
356 3749 446 3803 under
459 3760 551 3817 water,
564 3749 622 3803 and
634 3747 772 3818 broolring
785 3749 817 3802 of
826 3749 906 3803 scas!
945 3749 1000 3802 Mr.
1011 3747 1090 3816 Ellis,
1102 3748 1156 3802 ina
1169 3759 1234 3802 note
1248 3763 1285 3800 on
1299 3747 1359 3801 that

205 3849 332 3902 passage,
352 3849 417 3902 says
436 3832 497 3887 that
515 3851 533 3886 a
551 3833 618 3887 boat
637 3832 679 3886 for
696 3831 783 3901 going
801 3832 890 3887 under
908 3841 991 3886 water
1009 3848 1067 3885 was
1086 3847 1140 3884 one
1158 3830 1190 3884 of
1211 3831 1360 3886 Drebbel's

205 3914 362 3970 inventions
375 3915 517 3971 exhibited
531 3916 559 3970 in
576 3917 651 3970 1620.
701 3917 755 3970 See
767 3915 827 3970 also
840 3915 884 3969 his
897 3927 962 3968 note
975 3930 1012 3968 on
1027 3915 1071 3967 De
1084 3912 1260 3982 hugmentis,
1274 3913 1320 3968 lib.
1334 3931 1360 3967 v.

204 4013 266 4068 cap.
280 4012 296 4052 a
312 3999 358 4068 (E.
372 3998 428 4054 and
443 4001 481 4066 5.,
494 4000 548 4053 vol.
562 3998 579 4054 i.
592 4017 620 4069 p.
633 3995 707 4066 628).

246 4077 268 4111 π
287 4083 339 4152 Cp.
351 4082 400 4136 the
412 4083 537 4137 remarks
550 4099 588 4136 on
602 4081 752 4152 ‘Spiritus'
766 4081 794 4135 in
808 4081 834 4136 ii.
847 4096 890 4148 qo

240 4163 262 4196 ⁸⁸
280 4166 342 4220 The
360 4166 485 4235 porosity
503 4165 535 4220 of
548 4183 619 4220 even
637 4165 685 4220 the
702 4165 805 4220 harder
823 4166 922 4220 metals
939 4166 991 4219 has
1008 4164 1079 4219 been
1097 4161 1306 4220 demonstrated
1323 4163 1361 4232 by

204 4248 254 4304 the
270 4248 431 4304 Florentiae
444 4250 502 4303 and
514 4248 620 4303 similar
635 4247 831 4318 experiments.

241 4330 263 4362 '⁹
283 4331 344 4386 The
357 4330 400 4386 air
412 4332 481 4386 does
494 4341 542 4386 not
556 4349 657 4402 escape
670 4331 791 4401 through
805 4332 852 4385 the
865 4346 948 4401 pores
961 4331 994 4386 of
1003 4332 1049 4386 the
1062 4332 1169 4398 vessel;
1197 4330 1255 4396 but,
1268 4327 1361 4398 ussing

205 4423 235 4468 to
248 4413 283 4470 its
295 4413 471 4483 rarefaction,
482 4432 499 4468 a
509 4415 621 4486 portion
634 4414 666 4470 of
675 4415 696 4469 it
709 4414 760 4470 has
774 4414 889 4484 already
898 4413 1028 4485 escaped,
1038 4415 1132 4471 before
1145 4414 1181 4469 its
1190 4411 1360 4484 application

205 4507 235 4552 to
247 4497 295 4554 the
308 4509 392 4553 water
405 4514 437 4552 or
450 4498 528 4554 flesh.
