3358 5152
698 429 776 487 ΜΒ.
801 431 826 490 l.
852 441 922 488 110.
1323 447 1387 517 315

780 593 853 661 CX.

282 735 445 803 Attamen
472 735 717 821 conspiciuntur
739 747 772 802 et
794 738 858 802 alia
885 735 1018 803 inventa
1047 738 1117 822 ejus
1143 743 1281 824 generis,
1303 765 1387 826 quae

238 841 338 908 fidem
361 842 492 921 faciant,
513 863 610 927 posse
636 862 741 924 genus
767 842 949 906 humanum
975 845 1099 908 nobilia
1123 846 1265 924 inventa,
1286 849 1386 911 etiam

236 958 315 1013 ante
344 947 447 1032 pedes
476 947 595 1031 posita,
617 947 795 1030 praeterire
819 957 852 1011 et
879 948 1050 1012 transilire.
1098 949 1275 1033 Utcunque
1297 953 1386 1016 enim

236 1051 378 1135 pulveris
401 1052 606 1117 tormentarii
629 1051 680 1116 vel
703 1050 749 1114 fili
771 1051 963 1133 bombycini
985 1052 1037 1117 vel
1061 1071 1139 1117 acus
1162 1056 1313 1120 nauticae
1334 1055 1386 1119 vel

235 1155 380 1220 sacchari
405 1155 457 1219 vel
487 1155 604 1239 papyri
631 1153 683 1219 vel
712 1155 867 1219 similium
897 1155 1030 1220 inventa
1052 1157 1250 1239 quibusdam
1278 1179 1385 1223 rerum

235 1269 268 1324 et
291 1268 428 1323 naturae
451 1260 710 1343 proprietatibus
733 1260 794 1325 niti
814 1261 998 1335 videantur,
1014 1271 1049 1325 at
1065 1271 1152 1326 certe
1177 1263 1385 1346 imprimendi

220 1362 410 1434 artificium
435 1362 480 1426 nil
509 1363 611 1429 habet
637 1364 726 1446 quod
757 1383 823 1428 non
849 1364 893 1428 sit
918 1374 1070 1446 apertum
1093 1374 1127 1428 et
1148 1365 1216 1430 iere
1239 1368 1384 1432 obvium.

236 1466 282 1531 Et
305 1467 515 1532 nihilominus
537 1468 696 1543 homines,
719 1487 783 1532 non
806 1469 1015 1532 advertentes
1038 1469 1207 1533 literarum
1232 1470 1385 1536 modulos

234 1569 397 1636 difficilius
426 1571 550 1637 scilicet
576 1572 729 1637 collocari
754 1592 854 1655 quam
884 1571 1000 1637 literae
1029 1594 1088 1656 per
1112 1583 1239 1638 motum
1268 1595 1384 1638 manus

233 1675 426 1754 scribantur,
449 1677 507 1740 sed
530 1676 594 1740 hoc
617 1677 783 1753 interesse,
806 1677 896 1759 quod
926 1675 1095 1741 literarum
1126 1677 1251 1741 moduli
1282 1680 1383 1743 semel

233 1776 385 1844 collocati
415 1779 551 1844 infinitis
582 1780 859 1864 impressionibus,
884 1780 999 1846 literae
1025 1790 1136 1846 autem
1163 1802 1224 1864 per
1248 1801 1383 1848 manum

234 1893 394 1947 exaratae
424 1883 539 1948 unicae
568 1893 700 1949 tantum
730 1884 909 1968 scriptioni,
936 1885 1119 1962 sufficiant3
1158 1894 1216 1950 aut
1246 1886 1383 1950 fortasse

232 1987 353 2051 iterum
376 2007 443 2052 non
470 1989 681 2053 advertentes
710 1998 932 2053 atramentum
956 1989 1002 2052 ita
1028 1989 1194 2071 inspissari
1218 2011 1324 2074 posse,
1347 2003 1383 2056 ut

231 2091 348 2174 tingat,
370 2112 436 2155 non
459 2091 562 2170 fluat;
593 2092 785 2175 praesertim
798 2092 823 2132 ¹⁹
845 2093 948 2158 literis
971 2093 1166 2178 resupinatis
1188 2103 1223 2158 et
1246 2095 1382 2178 impres-

231 2194 324 2260 sione
360 2195 447 2261 lacta
483 2197 651 2279 desuper;
688 2195 752 2262 hoc
788 2196 1008 2280 pulcherrimo
1040 2197 1174 2262 invento
1204 2195 1309 2283 (quod
1339 2200 1382 2263 ad

231 2298 453 2364 doctrinarum
486 2299 761 2384 propagationem
791 2311 922 2366 tantum
960 2298 1052 2388 iacit)
1081 2321 1142 2384 per
1170 2310 1222 2367 tot
1251 2303 1382 2368 saecula

230 2401 449 2468 caruerunt²⁰.

275 2507 369 2573 Solet
385 2519 496 2572 autem
513 2527 606 2574 mens
621 2508 776 2587 humana,
792 2509 824 2572 in
840 2508 903 2574 hoc
918 2508 1112 2574 inventionis
1127 2511 1296 2588 curriculo,
1311 2520 1380 2576 tarn

230 2611 324 2677 laeva
346 2632 583 2697 saepenumero
599 2623 632 2678 et
648 2613 735 2678 male
758 2615 943 2697 composita
960 2633 1040 2692 esse,
1056 2623 1093 2676 ut
1112 2615 1220 2696 primo
1243 2615 1380 2691 diffidat,

230 2727 264 2781 et
280 2718 379 2801 paulo
399 2727 476 2802 post
496 2739 533 2782 se
553 2727 764 2798 contemnat;
788 2729 888 2801 atque
910 2718 1019 2800 primo
1042 2717 1231 2782 incredibile
1246 2719 1275 2782 ei
1290 2719 1380 2783 vide·

231 2832 306 2885 atur
330 2821 457 2904 aliquid
483 2822 551 2886 tale
576 2823 713 2886 inveniri
739 2843 846 2907 posse,
869 2831 1048 2906 postquam
1071 2833 1184 2886 autem
1210 2823 1378 2886 inventum

230 2925 281 3004 sit,
310 2926 502 2991 incredibile
532 2948 642 2992 rursus
676 2928 828 2992 videatur
858 2928 891 2991 id
922 2926 1072 2991 homines
1108 2927 1237 2991 tamdiu
1266 2927 1379 3010 fugere

229 3031 387 3113 potuisse.
432 3031 548 3114 Atque
567 3032 630 3096 hoc
651 3032 760 3114 ipsum
776 3032 819 3096 ad
833 3051 928 3114 spem
946 3031 1007 3095 rite
1024 3029 1186 3108 trahitnr;
1208 3049 1379 3114 superesse

228 3133 381 3199 nimirum
397 3134 506 3200 adhuc
522 3155 680 3217 magnum
697 3137 904 3200 inventorum
921 3133 1099 3210 cumulum,
1115 3135 1171 3216 qui
1188 3155 1255 3199 non
1270 3134 1378 3198 solum

227 3258 272 3302 ex
295 3239 543 3322 operationibus
564 3239 741 3323 incognitis
764 3241 924 3317 eruendis,
945 3240 1004 3304 sed
1026 3248 1060 3303 et
1083 3260 1126 3303 ex
1145 3238 1216 3321 jam
1239 3241 1379 3323 cognitis

227 3445 357 3515 ordinary
369 3445 511 3516 meaning,
530 3445 583 3501 has
604 3456 658 3500 two
679 3446 792 3500 others:
820 3443 858 3515 (ιι)
878 3455 907 3500 to
928 3462 983 3516 pay
994 3463 1031 3500 on
1053 3445 1101 3501 the
1121 3454 1202 3515 spot;
1226 3455 1256 3500 to
1276 3463 1331 3517 pay
1350 3447 1378 3502 in

226 3529 312 3599 ready
325 3546 444 3598 money:
464 3528 506 3598 (β)
519 3538 548 3584 to
561 3531 682 3600 perform
694 3546 730 3583 an
743 3538 788 3584 act
801 3528 1000 3599 immediately,
1013 3528 1128 3584 without
1141 3527 1230 3598 delay.

261 3611 283 3642 ¹⁹
300 3612 371 3667 This
389 3613 413 3667 is
432 3613 515 3682 given
533 3631 565 3668 as
583 3631 601 3667 a
620 3629 719 3668 reason
733 3613 796 3682 why
808 3611 857 3667 inlr
868 3629 925 3666 was
945 3611 1062 3680 needed,
1076 3611 1166 3666 which
1185 3612 1286 3668 should
1304 3612 1377 3668 stain

224 3694 339 3750 without
353 3697 481 3766 running.

260 3777 282 3810 ⁹⁰
300 3779 362 3835 The
381 3779 491 3834 honour
508 3779 540 3834 oi
555 3781 603 3835 the
624 3775 768 3834 invention
787 3779 818 3834 of
832 3777 956 3849 printing
972 3779 1043 3833 from
1062 3778 1208 3834 moveable
1226 3789 1308 3850 types
1326 3779 1377 3833 has

224 3859 296 3916 been
318 3863 403 3918 much
424 3863 562 3934 disputed.
601 3865 627 3917 lt
647 3863 671 3916 is
692 3863 833 3932 generally
848 3862 976 3916 ascribed
998 3872 1027 3917 to
1048 3863 1122 3933 John
1144 3863 1330 3931 Guttemberg
1350 3863 1382 3916 of

227 3944 329 4000 Mainz.
365 3947 412 4000 All
424 3946 485 4001 that
498 3963 538 4000 we
551 3961 603 4001 can
617 3963 668 4016 say
680 3946 746 4000 with
759 3945 894 4015 certainty
906 3945 929 4000 is
942 3946 1003 4001 that
1020 3945 1040 3999 it
1058 3945 1081 4000 is
1094 3946 1149 4001 due
1167 3954 1196 3999 to
1208 3946 1256 4000 the
1272 3945 1377 4000 middle

225 4029 256 4082 oi
270 4029 318 4083 the
337 4029 463 4084 fit'teenth
483 4039 606 4099 century.
644 4032 677 4084 ln
696 4029 779 4085 order
795 4037 824 4083 to
843 4045 922 4098 carry
934 4030 982 4084 the
1000 4039 1043 4084 art
1062 4039 1091 4084 to
1108 4043 1164 4097 any
1175 4028 1337 4098 perfectiora,
1356 4028 1377 4084 it

225 4129 282 4166 was
300 4129 451 4184 necessary
463 4122 492 4168 to
511 4113 607 4169 invent
624 4123 673 4168 not
690 4114 756 4182 only
768 4113 913 4168 moveable
932 4122 1021 4183 types,
1033 4113 1082 4167 but
1100 4111 1161 4167 also
1178 4129 1215 4166 an
1232 4111 1281 4165 ink
1299 4129 1376 4166 more

224 4195 336 4252 viscous
349 4195 406 4251 and
419 4197 562 4252 tenacious
575 4198 643 4252 than
661 4193 709 4252 the
725 4195 858 4266 ordinary
870 4195 927 4251 inlr.
966 4197 991 4250 It
1008 4212 1073 4265 may
1085 4195 1120 4250 be
1137 4194 1231 4249 added
1248 4195 1309 4250 that
1327 4195 1376 4249 the

225 4279 348 4336 Chinese
372 4281 429 4335 had
454 4281 525 4335 from
549 4279 617 4336 time
641 4279 826 4335 immemorial
847 4280 917 4334 been
939 4277 1107 4350 acquainted
1128 4278 1192 4332 with
1214 4279 1262 4334 the
1283 4285 1326 4332 art
1348 4277 1380 4332 os

224 4362 348 4434 printing
359 4364 430 4420 from
443 4363 542 4419 bloclrs
554 4364 587 4419 os
595 4363 683 4419 wood.
714 4363 802 4417 What
815 4363 984 4418 constituted
997 4363 1046 4417 the
1059 4360 1171 4430 novelty
1183 4361 1215 4415 oi
1225 4361 1374 4431 European

222 4446 348 4518 printing
368 4463 423 4504 was
446 4447 493 4503 the
515 4447 719 4518 displacement
739 4447 770 4502 oi
788 4446 972 4502 bloet-books
994 4446 1090 4516 hythe
1112 4461 1161 4500 use
1180 4444 1210 4499 oi
1229 4444 1374 4499 moveable

221 4538 312 4602 types.
