3358 5152
696 401 776 456 LIB.
799 401 824 456 J.
849 393 899 470 84.
1308 394 1370 477 283

218 567 389 650 negligens
416 566 552 630 omnino
578 575 639 640 est,
665 575 698 630 et
723 567 782 629 vix
805 565 906 630 verbo
925 565 987 647 ipsi
1011 585 1156 648 congrua
1168 563 1204 624 ³⁵.
1250 564 1369 627 Mundi

217 672 304 734 enim
332 670 460 734 senium
485 681 520 736 et
545 670 775 753 grandaevitas
805 690 865 753 pro
894 670 1092 750 antiquitate
1117 689 1193 731 vere
1215 667 1370 731 habenda

217 785 314 852 sunt;
339 796 425 857 quae
437 775 644 859 temporibus
659 775 778 837 nostris
794 774 892 838 tribui
909 775 1043 846 debent,
1058 794 1122 835 non
1132 773 1254 854 juniori
1268 772 1370 835 aetati

218 879 340 956 mundi,
363 878 471 961 qualis
491 879 580 962 apud
599 880 753 960 antiquos
777 879 847 942 fuit.
895 877 958 940 Illa
985 878 1072 940 enim
1096 887 1196 953 aetas,
1218 885 1368 958 respectu

218 983 333 1057 nostri,
360 983 497 1065 antiqua
523 993 557 1046 et
588 982 714 1064 major3
754 991 903 1065 respectu
935 981 1051 1044 mundi
1082 980 1196 1063 ipsius,
1223 1001 1309 1043 nova
1336 990 1369 1043 et

218 1085 326 1149 minor
342 1084 452 1149 suir³⁶.
498 1084 615 1168 Atque
635 1105 747 1149 revera
771 1085 1054 1167 quemadmodum
1079 1082 1238 1164 majorem
1261 1104 1368 1146 rerum

216 1189 435 1253 humanarum
463 1191 616 1254 notitiam
644 1199 677 1252 et
699 1190 861 1253 maturius
881 1188 1042 1270 judicium
1063 1188 1105 1251 ab
1132 1188 1266 1251 homine
1292 1208 1369 1252 sene

216 1303 433 1375 expectamus
456 1315 556 1376 quarn
580 1314 600 1356 a
619 1294 750 1376 juvene,
773 1302 907 1377 propter
930 1294 1171 1376 experientiam
1193 1302 1226 1356 et
1251 1313 1368 1370 rerum,

217 1417 299 1479 quas
329 1398 424 1474 vidit,
448 1408 481 1461 et
512 1398 647 1474 audivit,
677 1407 710 1461 et
741 1398 910 1480 cogitavit,
940 1398 1132 1461 varietatem
1159 1407 1193 1461 et
1220 1397 1369 1477 copiam;

215 1502 334 1565 eodem
366 1502 466 1564 modo
496 1512 529 1564 et
560 1523 580 1565 a
611 1511 722 1566 nostra
753 1511 862 1566 aetate
892 1499 933 1586 (si
963 1503 1048 1564 vires
1079 1521 1155 1564 suas
1184 1511 1304 1578 nosset,
1334 1511 1368 1565 et

215 1604 358 1688 experiri
386 1616 420 1669 et
450 1606 619 1669 intendere
649 1603 763 1692 vellet)
794 1605 919 1688 majora
951 1603 1057 1669 multo
1088 1625 1186 1687 quam
1213 1605 1368 1687 apriscis

214 1708 420 1791 temporibus
447 1710 616 1792 expectari
643 1731 702 1792 par
728 1719 800 1788 est3
840 1718 956 1792 utpote
983 1717 1094 1773 aetate
1126 1709 1240 1772 mundi
1271 1729 1367 1790 gran-

214 1813 315 1888 diore,
342 1823 375 1876 et
404 1812 536 1877 infinitis
566 1815 801 1897 experimentis
832 1824 865 1878 et
897 1813 1182 1878 observationibus
1209 1823 1307 1877 aucta
1333 1823 1367 1878 et

216 1914 391 1979 cumulata.

260 2019 377 2102 Neque
397 2041 457 2104 pro
477 2020 577 2085 nihilo
597 2021 852 2099 aestimandum,
870 2021 959 2104 quod
984 2041 1042 2105 per
1063 2019 1258 2103 longinquas
1274 2021 1365 2084 navi-

212 2127 362 2208 gationes
374 2135 408 2188 et
420 2127 701 2208 peregrinationes
716 2125 816 2212 (quae
831 2125 972 2190 saeculis
988 2127 1109 2190 nostris
1125 2122 1366 2209 increbuerunt)

213 2231 356 2313 plurima
382 2232 415 2294 in
449 2241 565 2294 natura
595 2234 769 2314 patuerint,
800 2241 834 2296 et
864 2241 995 2314 reperta
1023 2232 1098 2308 sint,
1130 2251 1215 2312 quae
1246 2249 1365 2292 novam

213 2334 443 2418 philosophiae
465 2334 571 2399 lucem
591 2337 769 2400 immittere
792 2336 928 2420 possint.
974 2335 1064 2418 Quin
1087 2344 1120 2398 et
1143 2345 1240 2416 turpe
1260 2333 1366 2397 homi·

214 2439 310 2503 nibus
335 2440 428 2515 foret,
454 2441 482 2504 si
512 2439 604 2523 globi
636 2442 815 2505 materialis
845 2451 981 2516 tractus
1011 2449 1171 2504 terrarum
1202 2437 1364 2513 videlicet,

213 2542 361 2618 marium,
383 2552 556 2614 astrorum,
580 2546 701 2608 nostris
731 2545 937 2628 temporibus
968 2545 1165 2606 immensum
1193 2543 1297 2622 aperti
1328 2551 1362 2605 et

213 2645 363 2710 illustrati
379 2647 466 2722 sint;
487 2646 578 2728 globi
599 2659 710 2711 autem
729 2647 956 2712 intellectualis
968 2645 995 2684 ³⁷
1013 2647 1093 2711 fines
1114 2647 1197 2711 inter
1215 2656 1362 2708 veterum

212 2751 343 2814 inventa
359 2760 392 2813 et
411 2752 581 2833 angustias
596 2752 821 2816 cohibeantur.

246 2917 268 2950 ⁸⁶
286 2923 348 2976 The
361 2923 479 2992 thought
492 2923 583 2978 which
599 2926 695 2979 Bacon
704 2925 770 2980 here
782 2926 948 2990 elaborares
956 2923 980 2978 is
991 2923 1119 2978 summed
1132 2939 1169 2992 up
1182 2921 1211 2976 in
1224 2939 1277 2977 one
1285 2923 1363 2977 short

211 3004 364 3074 Aphorism
374 3005 402 3060 in
411 3006 459 3061 the
467 3008 582 3075 parallel
592 3025 713 3078 passage
726 3009 758 3062 of
768 3010 813 3063 De
821 3007 997 3077 Augmentis,
1010 3007 1057 3060 lib.
1068 3005 1085 3060 i.
1098 3025 1103 3060 :
1118 3008 1216 3072 ‘Sane,
1227 3015 1256 3060 ut
1267 3023 1362 3060 verum

211 3086 346 3156 dicamus,
365 3089 527 3159 Antiquitas
547 3092 649 3147 saeculi
665 3092 796 3161 juventus
816 3091 930 3146 mundi!
977 3093 1034 3144 For
1051 3108 1069 3144 a
1089 3089 1248 3145 discussion
1268 3090 1299 3144 of
1314 3091 1362 3145 the

211 3171 353 3240 questions
366 3175 491 3228 whether
503 3173 559 3229 this
572 3175 723 3244 Aphorism
733 3175 755 3229 is
769 3174 823 3230 due
832 3185 862 3230 to
872 3177 967 3229 Bacon
981 3173 1100 3239 himself,
1114 3174 1170 3227 and
1183 3175 1257 3227 what
1270 3184 1362 3228 traces

210 3254 242 3309 of
262 3253 283 3310 it
302 3273 350 3311 are
371 3267 402 3310 to
422 3258 458 3322 be
478 3257 565 3312 found
587 3257 616 3312 in
635 3257 735 3314 earlier
756 3258 871 3325 writers,
893 3275 941 3314 see
961 3275 979 3312 a
1004 3268 1070 3312 note
1095 3257 1123 3310 in
1147 3274 1195 3326 my
1215 3256 1362 3312 Inductive

211 3339 305 3408 Logic,
319 3341 366 3405 4th
380 3340 434 3408 ed,
447 3359 493 3412 pp.
508 3356 604 3410 331—2‚
621 3341 679 3396 and
693 3343 754 3397 also
772 3361 789 3397 a
807 3352 873 3397 note
892 3344 930 3411 by
950 3344 1004 3396 Mr.
1020 3340 1090 3395 Ellis
1107 3349 1136 3394 to
1154 3341 1202 3394 the
1221 3341 1266 3395 De
1285 3343 1363 3410 Aug·

210 3423 319 3490 mentis,
332 3423 380 3478 lib.
393 3423 410 3477 i.
426 3425 471 3494 (E.
485 3425 542 3479 and
559 3427 597 3490 S.,
614 3443 660 3496 pp.
674 3425 783 3496 458-9).
822 3426 896 3480 Both
917 3427 962 3480 De
981 3425 1117 3479 Remusat
1137 3423 1193 3478 and
1217 3426 1270 3478 Mr.
1292 3423 1362 3478 Ellis

210 3504 264 3561 cite
276 3524 344 3576 very
355 3509 512 3578 appositely
525 3523 541 3562 2
554 3509 662 3564 Esdras
674 3510 727 3565 xiv.
745 3525 795 3564 ro:
815 3511 888 3565 ‘For
899 3509 947 3564 the
960 3509 1046 3563 world
1059 3508 1129 3562 hath
1141 3509 1196 3562 lost
1208 3507 1251 3561 his
1264 3508 1360 3576 youth,

209 3591 265 3644 and
279 3592 327 3644 the
341 3591 423 3646 times
436 3593 521 3662 begin
534 3602 564 3647 to
576 3612 636 3648 wax
649 3594 717 3648 old.''

244 3671 265 3702 ³⁵
285 3676 424 3729 Bentham
441 3675 469 3729 in
484 3675 528 3730 his
547 3677 625 3730 Book
644 3677 676 3730 of
692 3677 837 3744 Fallacies,
851 3685 913 3746 part
930 3676 947 3730 i.
964 3677 1008 3731 ch.
1024 3690 1049 3744 a,
1062 3675 1118 3730 and
1136 3676 1250 3743 Sydney
1269 3675 1361 3730 Smith

208 3755 237 3810 in
250 3757 293 3812 his
307 3758 407 3812 review
425 3760 456 3813 of
471 3759 531 3813 that
549 3760 626 3813 work
645 3759 823 3830 (Edinburgh
841 3761 963 3828 Review,
980 3762 1035 3814 No.
1055 3761 1098 3826 84,
1112 3757 1253 3828 reprinted
1271 3757 1299 3811 in
1317 3758 1361 3813 his

209 3841 351 3896 Collected
372 3841 495 3911 Works),
516 3843 607 3897 follow
627 3861 665 3913 up
685 3843 740 3898 this
761 3854 908 3914 argument
931 3843 959 3898 in
981 3861 998 3898 a
1018 3843 1136 3913 striking
1156 3842 1214 3896 and
1232 3841 1362 3910 amusing

208 3941 332 3980 manner.

245 4009 285 4061 lll.
300 4007 418 4063 Bouillet
433 4010 526 4076 refers,
539 4009 582 4064 sor
597 4011 646 4065 the
659 4028 737 4066 same
749 4010 907 4078 sentiment,
921 4021 950 4065 to
968 4011 1068 4065 Pascal
1080 4010 1138 4064 and
1151 4007 1360 4076 Malebranche,

207 4091 257 4145 but
268 4092 337 4146 both
351 4092 395 4147 his
408 4092 563 4148 references
578 4111 626 4148 are
639 4112 741 4164 wrong.
786 4094 848 4150 The
865 4095 940 4166 right
956 4094 1097 4149 reference
1111 4103 1139 4147 to
1154 4093 1253 4146 Pascal
1266 4091 1289 4144 is
1302 4101 1331 4146 to
1343 4110 1361 4145 a

207 4175 359 4243 Fragment
377 4176 495 4231 entitled
512 4177 643 4232 ‘Preface
658 4195 705 4232 sur
720 4179 745 4233 le
763 4177 860 4234 Traite
879 4180 917 4233 du
936 4178 1024 4233 Vide’
1040 4194 1072 4231 or
1092 4176 1153 4230 ‘De
1173 4175 1308 4229 l’autorite
1325 4191 1359 4229 en

206 4258 323 4313 matiere
336 4260 371 4313 de
384 4259 577 4330 philosophie’
621 4262 683 4316 The
698 4261 772 4331 right
785 4263 928 4317 reference
948 4271 977 4316 to
996 4260 1196 4315 Malebranche
1209 4258 1232 4312 is
1250 4269 1279 4312 to
1298 4258 1359 4313 ‘De

207 4343 233 4396 la
245 4343 409 4398 Recherche
423 4344 458 4399 de
471 4345 498 4398 la
511 4344 623 4413 verit&
633 4345 702 4400 livre
721 4345 748 4400 ii.
762 4351 814 4399 2⁰²⁰
826 4345 925 4416 partie,
938 4346 981 4400 ch.
994 4361 1020 4412 4.
1064 4345 1138 4398 Both
1157 4359 1293 4414 passages
1311 4358 1359 4396 are
1469 4406 1471 4410 ¹

206 4435 389 4565 Ιῃξξηὸἓέῗὶ
408 4511 527 4565 Bacon’s
540 4511 632 4566 minor
648 4513 738 4567 works
756 4512 908 4583 (reprinted
926 4511 955 4566 in
969 4509 1039 4566 Ellis
1052 4511 1109 4565 and
1123 4509 1292 4580 Spedding’s
1304 4509 1358 4576 ed,
