3342 5152
280 419 345 488 374
660 409 816 465 NOVUM
836 409 1055 468 ORGANUM.

306 590 442 642 edu-w.
498 573 607 638 Omne
628 575 769 657 ignitum
791 575 836 637 ita
854 582 890 637 ut
905 582 1052 650 vertatur
1070 575 1102 638 in
1125 574 1277 638 ruborem
1299 553 1429 657 igneum

281 679 381 742 etiam
402 678 471 741 sine
487 677 621 742 flamma
641 688 801 762 perpetuo
822 677 966 742 calidum
985 688 1044 754 est,
1065 699 1170 760 neque
1190 677 1265 743 huic
1287 678 1431 762 affirma-

283 785 370 850 tivae
387 782 595 866 subjungitur
614 784 793 865 negativa:
816 781 875 846 sed
895 783 986 864 quod
1008 783 1040 845 in
1063 783 1216 865 proximo
1237 790 1285 846 est
1304 782 1433 846 videtur

282 907 353 951 esse
375 887 501 968 lignum
524 897 629 970 putre,
649 888 741 969 quod
764 885 914 968 splendet
937 895 1036 950 noctu
1058 906 1163 969 neque
1182 896 1294 949 tamen
1318 887 1432 969 depre-

282 991 437 1056 henditur
467 990 631 1066 calidum3
666 1000 700 1054 et
729 1010 887 1073 squamae
917 990 1054 1073 piscium
1086 1000 1318 1072 putrescentes
1348 1009 1434 1072 quae

283 1095 384 1158 etiarn
408 1095 581 1179 splendent
609 1103 718 1168 noctu,
747 1113 805 1157 nec
833 1093 1040 1156 inveniuntur
1065 1096 1109 1158 ad
1136 1104 1261 1158 tactum
1288 1093 1433 1166 calidae3

284 1219 390 1282 neque
405 1199 505 1263 etiam
525 1219 642 1283 corpus
663 1196 842 1263 cicindelae
859 1207 919 1261 aut
939 1217 1072 1262 muscae
1087 1195 1200 1283 (quam
1217 1207 1335 1262 vocant
1357 1196 1434 1262 luci·

285 1303 373 1367 olam
387 1301 413 1388 ⁴)
429 1301 572 1367 calidum
587 1303 629 1365 ad
646 1313 772 1366 tactum
788 1301 1052 1384 deprehenditur.

309 1417 446 1470 ausura.
505 1402 558 1465 De
572 1400 698 1465 balneis
713 1400 834 1478 calidis,
850 1400 884 1463 in
904 1419 973 1483 quo
993 1401 1058 1464 situ
1077 1411 1110 1464 et
1129 1411 1244 1464 natura
1264 1399 1326 1465 soli
1346 1420 1435 1463 erna-

286 1525 363 1568 nare
379 1505 514 1580 soleant
531 1526 598 1569 non
618 1505 697 1570 satis
713 1505 898 1587 quaesitum
917 1514 968 1568 est
984 1529 991 1582 ;
1012 1507 1124 1587 itaque
1144 1525 1209 1568 non
1230 1504 1437 1586 subjungitur

286 1611 446 1691 negativa.

313 1729 445 1781 Ate-1⁴·-
503 1711 654 1794 Liquidis
684 1710 882 1776 ferventibus
911 1711 1122 1796 subjungitur
1152 1711 1305 1793 negativa
1337 1711 1438 1794 ipsius

288 1817 402 1899 liquidi
424 1816 456 1879 in
476 1826 592 1880 natura
613 1835 682 1878 sua.
728 1813 865 1878 Nullum
889 1817 976 1879 enirn
999 1817 1162 1880 invenitur
1182 1815 1345 1898 liquidum
1367 1825 1438 1877 tan-

288 1920 389 2003 gibile
411 1920 500 2002 quod
523 1920 566 1984 sit
589 1920 621 1982 in
643 1930 760 1983 natura
781 1938 841 1982 sua
865 1929 898 1982 et
922 1930 1054 1984 maneat
1077 1928 1265 1984 constanter
1286 1919 1439 1992 calidum,

289 2022 348 2085 sed
363 2019 625 2102 superinducitur
639 2019 682 2082 ad
698 2028 829 2102 tempus
844 2028 974 2082 tautum
991 2018 1088 2094 calor,
1100 2030 1137 2083 ut
1154 2029 1270 2084 natura
1283 2019 1438 2082 ascititia:

289 2125 374 2188 adeo
395 2134 432 2187 ut
452 2144 538 2205 quae
557 2132 725 2204 potestate
741 2133 775 2187 et
793 2124 984 2205 operatione
1003 2134 1079 2188 sunt
1101 2125 1245 2187 maxime
1266 2121 1380 2197 calida,
1404 2133 1439 2185 ut

290 2223 422 2307 spiritus
444 2224 520 2298 vini,
544 2223 620 2288 olea
644 2233 829 2286 aromatum
857 2223 1016 2304 chymica,
1038 2225 1138 2287 etiarn
1164 2222 1238 2287 olea
1259 2223 1380 2286 vitrioli
1407 2233 1441 2284 et

290 2326 455 2409 sulphuris
464 2325 486 2402 ⁶,
507 2336 540 2390 et
562 2326 691 2402 similia,
713 2347 799 2410 quae
826 2327 926 2410 paulo
952 2337 1028 2410 post
1053 2328 1204 2405 adurunt,
1229 2329 1272 2391 ad
1299 2328 1440 2410 primum

290 2440 416 2494 tactum
437 2431 500 2494 sint
521 2429 648 2512 frigida.
694 2430 795 2513 Aqua
810 2440 922 2494 autem
946 2429 1141 2495 balneorum
1164 2429 1360 2494 naturalium
1384 2452 1442 2494 ex-

291 2544 389 2618 cepta
411 2535 444 2597 in
466 2555 524 2599 vas
546 2533 681 2617 aliquod
706 2544 738 2598 et
762 2544 912 2618 separata
939 2555 959 2597 a
984 2535 1131 2599 fontibus
1157 2537 1225 2600 suis
1250 2535 1442 2598 defervescit

292 2639 426 2722 perinde
442 2658 480 2702 ac
496 2659 582 2720 aqua
598 2640 674 2722 igne
695 2638 861 2702 calefacta.
905 2638 955 2701 At
970 2659 1084 2702 verum
1105 2648 1156 2702 est
1175 2659 1312 2722 corpora
1332 2639 1443 2701 oleosa

293 2745 336 2807 ad
358 2753 483 2806 tactum
508 2743 607 2825 paulo
631 2743 739 2806 minus
761 2763 833 2806 esse
856 2741 974 2825 frigida
996 2763 1096 2824 quarn
1120 2763 1245 2825 aquea3
1275 2752 1311 2805 ut
1333 2742 1442 2805 oleum

294 2847 400 2910 minus
415 2867 515 2930 quam
532 2867 628 2929 aqua,
643 2848 783 2910 sericum
801 2847 906 2909 minus
923 2867 1024 2930 quam
1044 2846 1192 2912 linteum.
1236 2847 1360 2910 Verum
1381 2845 1444 2908 hoc

294 2951 435 3034 pertinet
452 2951 495 3014 ad
515 2949 673 3014 Tabulam
692 2949 864 3014 Graduum
879 2951 920 3014 de
938 2951 1083 3034 Frigido.

321 3069 468 3120 Ado-¹¹⁵2
514 3053 672 3118 Similiter
693 3055 808 3136 vapori
835 3053 959 3118 fervido
986 3055 1194 3136 subjungitur
1214 3055 1366 3136 mgarr'va
1388 3072 1445 3116 na·

295 3169 389 3222 turae
412 3155 514 3239 ipsius
534 3159 676 3241 vaporis,
696 3157 803 3240 qualis
825 3160 914 3240 apud
937 3179 998 3222 nos
1018 3159 1190 3223 invenitur.
1236 3159 1369 3223 Etenim
1387 3177 1446 3219 ex-

200 3323 203 3340 ,
296 3259 477 3324 halationes
502 3282 546 3324 ex
572 3260 701 3338 oleosis,
728 3262 804 3326 licet
833 3262 927 3326 facile
957 3262 1217 3339 inflammabiles,
1243 3271 1355 3325 tamen
1382 3281 1446 3323 non

296 3364 505 3430 inveniuntur
531 3363 666 3440 calidae,
693 3366 754 3429 nisi
780 3387 801 3428 a
831 3385 967 3448 corpore
996 3366 1105 3431 calido
1140 3377 1284 3430 recenter
1310 3364 1448 3429 exhala-

295 3468 410 3533 verint.

323 3587 357 3628 Ad
367 3594 418 3627 mu·
428 3588 470 3628 1⁶·-
517 3571 675 3637 Similiter
704 3574 770 3637 aeri
799 3573 861 3655 ipsi
892 3572 1026 3637 ferventi
1061 3574 1270 3656 subjungitur
1298 3573 1450 3655 negativa

298 3684 435 3738 naturae
464 3677 548 3739 ae'ris
578 3678 689 3759 ipsius
735 3677 853 3758 Neque
883 3678 969 3741 enim
1000 3679 1162 3741 invenitur
1190 3676 1279 3760 apud
1310 3697 1370 3740 nos
1396 3681 1451 3737 ae'r

298 3777 444 3855 calidus;
467 3779 527 3843 nisi
546 3779 642 3845 fuerit
661 3790 720 3846 aut
739 3780 920 3856 conclusus,
938 3791 995 3846 aut
1017 3785 1148 3845 attritus
1158 3781 1180 3857 ⁶,
1203 3790 1260 3845 aut
1281 3779 1451 3844 manifeste

299 3881 473 3948 calefactus
496 3907 517 3950 a
536 3885 614 3959 sole,
637 3887 720 3966 igne,
742 3894 798 3948 aut
820 3883 932 3966 aliquo
955 3883 1020 3948 alio
1043 3906 1181 3969 corpore
1204 3884 1321 3948 calido.

336 4085 346 4114 ⁴
367 4086 565 4142 Luciola=the
591 4087 700 4155 fite-ily,
720 4086 940 4141 cicindela=the
964 4088 1142 4156 glou-worm.
1180 4087 1225 4141 All
1243 4087 1291 4140 the
1310 4085 1453 4140 instances

303 4167 385 4235 given
399 4167 426 4221 in
440 4169 496 4224 this
510 4169 615 4224 section
629 4187 676 4224 are
688 4171 866 4240 phenomena
879 4171 910 4224 of
920 4171 1189 4240 phosphorescence.

338 4247 515 4318 ⁶Sulphuric
532 4252 613 4306 Acid.
650 4255 703 4310 See
722 4263 787 4307 note
805 4254 841 4307 66
859 4255 956 4307 above.
995 4255 1005 4306 l
1027 4271 1093 4322 may
1108 4254 1175 4308 here
1193 4251 1276 4320 again
1295 4250 1388 4305 notice
1407 4251 1462 4310 the.

304 4348 382 4386 same
395 4333 541 4388 confusion
554 4353 586 4388 as
599 4336 692 4391 before
711 4336 835 4390 between
848 4336 895 4390 the
912 4347 1098 4406 temperature
1111 4337 1143 4390 of
1156 4353 1192 4390 an
1206 4336 1297 4405 object
1312 4335 1388 4389 itsels
1397 4334 1454 4388 and

304 4415 352 4468 the
365 4431 484 4470 manner
496 4417 525 4470 in
539 4419 628 4473 which
642 4419 661 4473 it
675 4420 772 4474 affecte
785 4437 836 4474 our
849 4437 954 4474 senses.

340 4495 538 4568 “Subjected
559 4511 588 4557 to
609 4502 737 4572 frictiou,'
755 4505 875 4574 hemely,
895 4505 927 4558 of
945 4505 980 4558 its
1000 4504 1107 4558 minute
1128 4502 1266 4573 panicies.
1304 4501 1366 4555 The
1380 4499 1456 4554 word
