3358 5152
704 414 784 472 tra.
808 416 834 470 r.
860 423 910 489 77.
1319 426 1377 490 271

227 581 343 646 luisset
366 581 421 645 ille
443 601 540 644 verus
563 599 744 644 consensus
768 591 800 644 et
827 579 893 644 late
920 589 1046 663 patens,
1069 590 1199 645 tantum
1226 579 1320 644 abest
1347 590 1382 644 ut

228 706 406 752 consensus
431 706 492 770 pro
518 705 596 748 vera
624 693 657 749 et
684 683 791 748 solida
821 685 1021 748 authoritate
1052 685 1165 749 haberi
1192 686 1321 762 debeat,
1347 694 1383 748 ut

229 791 329 855 etiam
358 789 538 853 violentam
572 783 875 872 praesumptionem
911 789 1045 854 inducat
1079 789 1112 852 in
1138 791 1336 854 contrarium
1348 786 1383 853 ¹¹.

229 893 412 958 Pessimum
444 894 531 957 enim
562 893 711 956 omnium
739 903 790 956 est
820 893 1003 975 augurium,
1029 895 1121 976 quod
1151 915 1195 956 ex
1223 913 1384 958 consensu

230 998 358 1082 capitur
377 998 410 1060 in
433 997 529 1060 rebus
550 995 845 1061 intellectualibus:
870 997 1019 1080 exceptis
1041 999 1159 1061 divinis
1180 1008 1212 1061 et
1232 997 1383 1082 politicis,

229 1103 262 1165 in
284 1101 404 1184 quibus
426 1101 653 1183 suffragiorum
674 1100 728 1182 jus
751 1110 800 1164 est
811 1099 846 1164 ¹2.
892 1101 986 1165 Nihil
1014 1102 1099 1165 enim
1127 1103 1239 1166 multis
1266 1101 1385 1186 placet,
1418 1101 1423 1110 '

230 1205 292 1269 nisi
307 1205 580 1288 imaginationem
597 1203 700 1284 feriat,
716 1215 773 1268 aut
790 1205 993 1269 intellectum
1009 1205 1195 1288 vulgarium
1211 1207 1384 1270 notionum

230 1310 326 1374 nodis
341 1309 515 1391 astringat,
532 1319 567 1371 ut
583 1329 683 1391 supra
702 1309 828 1372 dictum
845 1308 939 1374 est¹³.
985 1310 1103 1392 Itaque
1124 1311 1250 1392 optime
1271 1311 1384 1373 tradu-

230 1414 314 1478 citur
329 1412 411 1476 illud
429 1413 603 1477 Phocionis
613 1410 640 1449 ¹⁴
661 1413 844 1477 amoribus
860 1415 902 1477 ad
925 1412 1179 1477 intellectualia:
1197 1413 1255 1477 Ut
1270 1415 1385 1478 statim

229 1539 262 1580 se
276 1517 465 1581 examinare
478 1515 613 1581 debeant
631 1515 785 1594 hanzines,
803 1517 884 1599 qnid
898 1516 1087 1582 erraverint
1101 1528 1161 1581 aut
1172 1518 1386 1600 peccaverint,

229 1623 263 1685 si
282 1620 456 1684 multitudo
475 1620 654 1685 consentiat
672 1631 705 1684 et
721 1621 931 1704 complandat.
979 1621 1054 1685 Hoc
1072 1621 1203 1703 signum
1226 1622 1385 1705 igiturex

231 1725 447 1789 aversissimis
477 1734 537 1789 est.
585 1726 704 1807 ltaque
736 1727 827 1808 quod
863 1726 956 1808 signa
986 1725 1132 1790 veritatis
1167 1737 1200 1790 et
1234 1727 1386 1790 sanitatis

231 1827 512 1912 philosophiarum
543 1838 577 1893 et
607 1830 827 1906 scientiarum,
857 1850 943 1912 quae
973 1831 1005 1893 in
1037 1851 1096 1894 usu
1123 1839 1208 1906 sunt,
1239 1830 1325 1894 male
1351 1853 1386 1895 se

230 1933 397 2009 habeant;
420 1933 489 1996 sive
507 1935 676 2017 capiantur
694 1955 737 1996 ex
758 1934 939 2018 originibus
954 1935 1108 2017 ipsarum,
1124 1935 1193 1998 sive
1212 1955 1256 1998 ex
1275 1934 1386 2000 fructi-

231 2039 303 2112 bus,
325 2038 394 2102 sive
417 2058 461 2100 ex
488 2039 725 2119 progressibus,
748 2040 816 2102 sive
843 2060 888 2102 ex
914 2039 1175 2103 confessionibus
1201 2038 1386 2115 authomm,

232 2143 301 2206 sive
316 2164 359 2207 ex
375 2162 554 2207 consensu:
576 2143 646 2224 jam
663 2145 789 2207 dictum
806 2154 864 2207 est.

233 2433 266 2488 os
280 2433 482 2503 campanella’s
501 2435 614 2491 treatise
634 2435 834 2505 ‘Philosophia
856 2435 985 2491 sensibus
1006 2436 1214 2500 demonstrata,'
1233 2437 1283 2490 &c
1304 2435 1386 2504 (pub-

233 2517 322 2572 lished
336 2526 365 2571 at
379 2519 487 2588 Naples
500 2518 528 2572 in
545 2518 633 2588 1591),
642 2519 732 2574 where
746 2537 786 2574 we
800 2519 858 2573 find
871 2518 929 2574 him
942 2516 1148 2588 complaining:
1168 2518 1259 2572 ‘Etsi
1273 2519 1387 2588 quando

233 2601 423 2671 quaestionem
442 2614 571 2658 sensatae
588 2603 627 2658 rei
646 2612 776 2667 tractant,
789 2621 845 2658 non
861 2602 936 2673 quod
955 2603 982 2656 in
1001 2619 1031 2656 re
1048 2611 1091 2657 est
1107 2600 1220 2669 vident;
1243 2603 1293 2656 sed
1312 2602 1387 2671 quod

233 2685 262 2739 in
280 2684 373 2740 verbis
388 2685 546 2741 Aristotelis
566 2685 699 2756 scriptum
718 2687 871 2754 inveniunt,
887 2696 916 2741 et
935 2703 969 2740 ex
986 2685 1027 2740 eis
1046 2695 1172 2755 arguunt,
1186 2696 1213 2740 et
1233 2702 1267 2738 ex
1285 2684 1326 2739 eis
1346 2703 1388 2740 re·

234 2767 381 2838 spondent,
398 2779 425 2823 et
444 2769 468 2823 si
487 2769 548 2838 ipsa
566 2768 606 2823 rei
626 2779 725 2824 natura
745 2770 872 2824 sensibus
891 2770 1060 2824 contrariam
1079 2769 1221 2823 Aristoteli
1241 2786 1271 2823 se
1289 2768 1388 2823 offerat

233 2851 392 2905 nolentibus
411 2860 439 2906 et
457 2851 559 2920 invitis,
579 2852 675 2906 dicunt
693 2853 872 2908 Aristotelem
894 2871 950 2907 nou
972 2851 1100 2908 errasse!
1138 2852 1232 2906 ‘Hinc
1249 2851 1387 2920 fugientes

234 2952 325 2990 rerum
345 2934 485 3003 scientias,
499 2946 644 2991 conterunt
661 2937 733 2990 inter
745 2954 775 2991 se
792 2946 901 3006 tempus
919 2936 954 2990 de
973 2936 1106 3006 subjectis
1119 2935 1298 2990 scientiarum
1311 2936 1387 3005 apud

234 3018 414 3073 Aristotelem
429 3059 518 3075 .....
534 3021 577 3075 Ita
596 3021 670 3089 quod
689 3036 832 3091 nunquam
849 3018 1033 3089 (Mehercule)
1051 3018 1109 3074 vidi
1127 3037 1213 3073 unum
1230 3037 1265 3073 ex
1283 3018 1325 3074 eis
1343 3035 1388 3073 res

235 3099 379 3171 inspicere,
397 3102 434 3156 ad
451 3119 565 3173 campos
583 3104 707 3170 tendere,
725 3103 822 3170 maria,
839 3113 867 3156 et
886 3113 1004 3172 montes,
1023 3114 1051 3158 ut
1071 3121 1115 3158 res
1134 3112 1269 3172 spectent,
1287 3119 1340 3156 nec
1359 3101 1387 3155 in

234 3184 353 3256 propriis
364 3185 503 3254 domibus,
514 3187 564 3242 sed
577 3197 686 3242 tantum
696 3205 713 3241 a
722 3186 800 3241 libris
810 3186 977 3254 Aristotelis,
987 3197 1014 3242 et
1024 3205 1109 3257 super
1118 3186 1162 3240 his
1172 3195 1248 3241 stant
1262 3187 1388 3256 semper.³

235 3285 282 3340 PP·
296 3283 321 3335 2,
335 3283 361 3337 3·

272 3353 362 3422 Many
371 3351 474 3407 similar
483 3352 661 3409 illustratione
670 3353 724 3407 will
737 3354 772 3408 be
784 3353 871 3408 found
884 3371 988 3423 among
998 3355 1045 3408 the
1055 3371 1190 3424 passages
1200 3353 1304 3423 quoted
1316 3353 1389 3408 from

235 3435 284 3490 the
296 3447 453 3505 opponents
466 3437 497 3491 of
507 3438 555 3491 the
564 3437 742 3492 Aristotelian
756 3437 923 3508 philosophy
937 3437 965 3492 in
978 3438 1027 3491 the
1042 3435 1242 3503 Introduction,
1258 3439 1272 3504 ξ
1290 3452 1330 3491 12.

271 3515 291 3549 ¹¹
311 3520 431 3574 Bacon’s
450 3519 616 3590 impatience
632 3520 699 3574 with
716 3523 763 3575 the
782 3521 1000 3589 ever-recurring
1019 3522 1119 3591 appeal
1132 3529 1162 3574 to
1175 3520 1315 3588 authority
1328 3520 1389 3589 has,

236 3601 267 3656 ol
289 3617 397 3670 course,
422 3604 490 3658 here
516 3605 651 3673 betrayed
678 3603 737 3658 him
765 3604 824 3659 into
851 3603 1056 3675 exaggeration.
1101 3605 1235 3668 Consent,
1262 3606 1390 3660 however

236 3685 394 3752 dangerous
411 3686 431 3741 it
448 3704 513 3757 may
525 3688 561 3742 be
576 3698 605 3741 to
624 3699 721 3758 accept
739 3689 760 3742 it
778 3707 809 3744 as
829 3707 866 3742 an
884 3689 1010 3742 ultimate
1028 3698 1184 3756 argument,
1197 3687 1229 3755 is,
1242 3689 1321 3743 there
1337 3705 1390 3742 can

235 3768 272 3824 be
284 3785 321 3822 no
334 3769 430 3836 doubt,
443 3771 536 3826 rather
548 3789 565 3826 a
578 3771 770 3842 presumption
783 3771 811 3826 in
823 3772 922 3826 iavour
933 3772 966 3826 ol
979 3789 1015 3825 an
1029 3771 1142 3841 opinion
1156 3772 1223 3826 than
1237 3772 1347 3841 against
1359 3772 1390 3826 it.

237 3851 375 3906 ‘Securus
390 3852 499 3923 judicat
517 3854 592 3910 orbis
611 3855 761 3909 terrarum’
778 3855 800 3910 is
819 3871 855 3910 an
875 3853 1079 3910 over-strained
1097 3853 1199 3922 axiom,
1219 3855 1277 3921 but,
1296 3855 1327 3910 oi
1342 3856 1390 3910 the

236 3943 292 3990 two
305 3937 527 4005 exaggerations,
541 3936 561 3992 it
574 3938 598 3992 is
614 3955 713 3994 nearer
725 3939 773 3992 the
787 3939 862 3993 truth
875 3939 944 3994 than
957 3939 1004 3994 the
1018 3937 1195 3994 ‘Pessimum
1209 3938 1334 3992 omnium
1346 3948 1390 3994 est

237 4019 398 4089 augurium’
410 4021 461 4076 &c
475 4021 506 4074 ol
515 4023 619 4075 Bacon.

273 4101 294 4132 ¹²
312 4104 404 4158 There
422 4121 487 4173 may
504 4105 540 4158 be
558 4122 575 4158 a
593 4104 677 4159 touch
696 4105 728 4158 of
744 4103 823 4174 irony
840 4105 867 4158 in
885 4103 942 4159 this
959 4103 1112 4174 exception.
1149 4105 1212 4159 The
1230 4103 1347 4158 allusion
1367 4103 1391 4159 is

237 4195 267 4240 to
281 4186 462 4242 Parliaments
475 4187 532 4241 and
546 4187 685 4255 Councils,
697 4188 786 4242 which
801 4187 900 4242 decide
914 4189 952 4256 by
964 4204 982 4242 a
995 4186 1126 4257 majority
1137 4188 1169 4241 oi
1179 4187 1325 4256 suffrages.

273 4265 295 4299 ¹⁸
313 4271 368 4324 See
380 4271 469 4340 Aphs.
483 4271 516 4324 28
530 4270 587 4324 and
600 4285 643 4338 47.

273 4349 293 4382 ¹⁴
313 4355 368 4408 See
379 4353 536 4410 Plutarch’s
550 4354 609 4410 Lite
622 4355 654 4408 oi
665 4353 798 4422 Phocion,
809 4355 894 4410 ch.8:
915 4352 987 4409 Ἐπεὶ
999 4353 1027 4408 δὲ
1040 4351 1126 4425 λέγων
1136 4352 1200 4407 ποτὲ
1212 4353 1315 4424 γνώμην
1326 4353 1391 4424 πρὸς

237 4436 282 4490 τὸν
294 4435 375 4506 δῆμον
387 4435 522 4506 εὐδοκίμει,
534 4437 575 4490 καλ
586 4439 684 4493 πάντας
695 4439 800 4505 ὁμαλῶς
811 4438 878 4507 ἐώρα
890 4439 935 4491 τὸν
947 4438 1029 4507 λόγον
1041 4434 1256 4507 ἀποδεχομένους,
1265 4436 1391 4506 ἐπιστρα-

237 4519 298 4590 φολο
308 4522 374 4590 πρὸς
385 4519 445 4578 τοὺς
457 4521 554 4591 φίλους
566 4515 643 4576 εἶπεν·
675 4521 712 4574 Οὔ
725 4518 756 4590 δὴ
768 4519 820 4575 παῦ
832 4542 857 4574 τι
870 4521 947 4574 κακὸν
958 4519 1044 4591 λέγων
1055 4519 1166 4590 ἐμαυτὸν
1177 4517 1277 4586 λέληθα
1289 4537 1296 4589 ;
