3280 5238
248 381 313 446 470
628 371 784 430 novur!
804 369 1022 430 ornanum.

249 539 383 604 Oceano
403 537 563 603 Orientali
584 539 700 604 Indico
718 537 959 622 compellantur
974 545 1008 601 et
1026 533 1201 602 t'rudantur
1215 535 1249 600 in
1266 535 1399 600 alveum

249 641 353 706 Maris
368 641 541 720 Atlantici,
560 655 593 707 et
609 654 785 728 propterea
808 643 966 706 inundent
987 652 1162 724 utrumque
1183 639 1268 705 latus
1289 639 1399 703 simul.

248 745 485 830 Quaerendum
508 747 621 828 itaque
642 757 701 823 est,
720 767 762 810 an
784 747 828 809 sit
850 746 934 810 alius
956 744 1069 809 alveus
1091 765 1268 830 perquem
1291 763 1399 826 aquae

247 851 376 934 possint
396 841 511 914 iisdem
535 851 740 934 temporibus
764 849 867 913 minui
888 860 922 912 et
943 849 1088 914 refluere.
1133 847 1250 932 Atque
1267 857 1399 934 praesto

248 964 299 1018 est
322 954 416 1018 Mare
440 953 598 1018 Australe
608 953 642 1032 ⁸¹,
670 955 756 1018 Mari
781 952 956 1018 Atlantico
979 954 1170 1036 neutiquam
1200 951 1317 1026 minus,
1339 952 1398 1014 sed

249 1059 359 1144 potius
375 1059 480 1140 magis
495 1057 600 1122 latum
615 1068 648 1122 et
664 1069 849 1136 extensum,
865 1059 954 1141 quod
971 1058 1014 1122 ad
1029 1057 1092 1122 hoc
1107 1057 1253 1120 sufficere
1268 1056 1380 1138 possit.

294 1161 412 1244 ltaque
424 1161 494 1244 jam
506 1163 641 1226 tandem
658 1171 851 1244 perventum
867 1170 919 1226 est
932 1163 975 1226 ad
991 1163 1184 1226 instantiam
1199 1161 1303 1224 crucis
1313 1160 1399 1224 circa

248 1266 311 1330 hoc
334 1265 528 1347 subjectum.
576 1265 627 1329 Ea
650 1265 725 1330 talis
749 1275 818 1329 est:
848 1265 877 1328 si
900 1285 961 1348 pro
984 1277 1073 1330 certo
1097 1265 1286 1340 inveniatur,
1306 1263 1398 1346 quod

247 1389 323 1433 cum
337 1369 374 1432 fit
390 1369 500 1433 fluxus
515 1371 558 1433 ad
575 1369 688 1433 littora
703 1371 841 1433 adversa
852 1378 922 1433 tarn
936 1369 1089 1434 Floridae
1100 1389 1200 1452 quam
1214 1367 1398 1450 Hispaniae

248 1475 280 1536 in
308 1473 394 1536 Mari
418 1473 599 1551 Atlantico,
626 1473 684 1537 fiat
710 1474 807 1538 simul
835 1472 946 1536 fluxus
972 1475 1016 1538 ad
1043 1473 1155 1536 littora
1182 1472 1339 1536 Peruviae
1364 1481 1398 1535 et

245 1576 344 1658 juxta
368 1577 505 1641 dorsum
525 1577 652 1642 Chinae
676 1579 709 1642 in
733 1578 819 1641 Mari
837 1577 1008 1654 Australi;
1035 1587 1107 1641 turn
1128 1587 1216 1640 certe
1239 1575 1398 1660 perhanc

248 1681 444 1744 instantiam
470 1681 662 1746 decisoriam
689 1682 908 1764 abjudicanda
935 1693 983 1745 est
1007 1682 1144 1746 assertio
1169 1681 1259 1762 quod
1289 1679 1399 1742 fluxus

248 1795 282 1847 et
304 1783 450 1848 refluxus
470 1785 577 1860 mariS,
594 1787 636 1848 de
654 1807 721 1867 quo
743 1785 925 1868 inquiritur,
945 1784 1002 1848 fiat
1023 1805 1081 1870 per
1101 1795 1228 1850 motum
1250 1803 1398 1866 progres-

248 1888 354 1950 sivum
365 1885 413 1949 ⁸²:
439 1908 545 1970 neque
571 1889 659 1952 enim
687 1890 881 1972 relinquitur
904 1889 994 1953 aliud
1020 1899 1192 1953 marcant
1218 1887 1315 1960 locus,
1343 1885 1399 1950 ubi

248 1992 352 2074 possit
371 1992 414 2054 ad
434 1994 551 2056 eadem
570 2003 721 2076 tempora
743 1993 811 2058 fieri
833 2014 1000 2078 regressus
1020 2004 1077 2057 aut
1095 1992 1249 2056 refluxus
1296 1989 1398 2056 Com-

249 2095 441 2159 modissime
467 2107 579 2160 autem
610 2097 674 2162 hoc
703 2097 777 2160 sciri
807 2099 922 2180 possit,
949 2099 976 2162 si
1006 2098 1186 2178 inquiratur
1215 2095 1259 2158 ab
1285 2094 1399 2160 incolis

249 2199 415 2262 Panamae
453 2209 486 2263 et
521 2201 637 2266 Limae
669 2197 739 2286 (ubi
777 2212 914 2285 uterque
952 2201 1112 2278 Oceanus,
1144 2199 1332 2264 Atlanticus
1365 2209 1399 2262 et

248 2302 424 2380 Australis,
447 2325 507 2387 per
529 2325 666 2388 parvum
691 2304 856 2368 Isthmum
884 2303 1100 2389 separantur),
1124 2315 1234 2368 utrum
1256 2305 1298 2368 ad
1321 2324 1400 2370 con·

248 2408 365 2470 trarias
389 2407 507 2471 isthmi
530 2419 640 2492 partes
665 2408 722 2472 fiat
748 2409 845 2472 simul
868 2409 978 2472 fluxus
1002 2419 1034 2472 et
1058 2407 1203 2474 refluxus
1226 2408 1334 2484 maris,
1356 2427 1398 2471 an

249 2521 409 2575 econtra.
455 2511 582 2576 Verum
599 2513 680 2576 haec
696 2514 820 2577 decisio
840 2514 908 2578 sive
931 2513 1135 2596 abjudicatio
1156 2523 1246 2578 certa
1260 2513 1399 2588 videtur,

249 2616 358 2696 posito
378 2617 468 2699 quod
487 2627 574 2680 terra
594 2627 658 2682 stet
679 2616 866 2682 immobilis.
913 2617 1058 2700 Quodsi
1078 2628 1165 2682 terra
1183 2627 1269 2682 rotet
1278 2615 1313 2692 ⁸³,
1329 2615 1400 2679 fieri

249 2719 388 2784 sortasse
412 2730 522 2801 potest
544 2730 581 2784 ut
605 2742 648 2784 ex
677 2721 843 2803 inaequali
866 2723 1030 2786 rotatione
1051 2718 1228 2805 (quatenus
1251 2722 1295 2785 ad
1318 2719 1401 2786 cele-

250 2825 382 2887 ritatem
403 2825 472 2886 sive
494 2823 732 2909 incitationem)
752 2837 858 2890 terrae
881 2837 913 2889 et
934 2847 1095 2907 aquarum
1119 2825 1227 2900 maris,
1245 2834 1401 2906 sequatur

249 2926 432 3010 compulsio
459 2929 603 2992 violenta
629 2950 788 3012 aquarum
820 2930 852 2994 in
883 2931 1051 3009 cumulum
1078 2949 1216 3006 sursum,
1247 2928 1401 3011 quaesit

249 3029 378 3094 fluxus:
410 3042 444 3095 et
467 3033 631 3096 relaxatio
657 3036 837 3098 earundem
861 3035 1052 3116 (postquam
1077 3033 1218 3115 amplius
1241 3031 1400 3095 cumulari

249 3154 316 3196 non
334 3135 560 3219 sustinuerint)
576 3137 607 3199 in
624 3139 787 3215 deorsum,
804 3159 889 3220 quae
911 3138 954 3200 sit
974 3136 1121 3202 refluxus
1133 3134 1170 3197 ⁸⁴.
1214 3135 1340 3200 Verum
1358 3136 1400 3199 de

249 3233 313 3297 hoc
335 3235 486 3298 iacienda
516 3247 567 3300 est
596 3237 764 3319 inquisitio
795 3239 982 3320 separatim.
1027 3237 1189 3301 Attamen
1214 3237 1315 3300 etiam
1337 3235 1401 3299 hoc

249 3339 430 3420 supposito,
455 3337 535 3402 illud
565 3361 670 3422 aeque
701 3353 811 3405 manet
844 3341 959 3417 fixum,
986 3343 1076 3424 quod
1106 3361 1238 3406 necesse
1264 3341 1306 3403 sit
1332 3339 1401 3402 fieri

249 3441 370 3505 alicubi
388 3441 551 3506 refluxum
575 3445 674 3508 maris
694 3445 737 3510 ad
759 3447 875 3510 eadem
891 3457 1042 3529 tempora
1057 3445 1177 3529 quibus
1193 3443 1276 3509 fiunt
1292 3443 1401 3506 fluxus

249 3546 281 3608 in
297 3547 370 3610 aliis
386 3548 544 3629 partibus.

295 3647 463 3726 Similiter,
477 3652 519 3715 sit
536 3662 653 3718 natura
671 3653 825 3736 inquisita
841 3655 1002 3738 posterior
1017 3653 1069 3717 ille
1086 3665 1197 3718 motus
1213 3675 1256 3717 ex
1273 3653 1401 3717 duobus

249 3772 333 3838 quos
351 3757 594 3838 supposuimus,
606 3759 759 3822 videlicet
775 3769 885 3824 motus
904 3762 1004 3824 maris
1022 3781 1057 3823 se
1072 3759 1228 3824 attollens
1243 3769 1277 3823 et
1293 3778 1402 3822 rursus

286 3956 306 3987 ”¹
327 3957 476 4026 Including
489 3959 563 4014 what
576 3977 617 4014 we
630 3977 692 4014 now
705 3961 757 4014 call
770 3962 818 4016 the
832 3962 972 4016 Sourhem
985 3962 1041 4016 and
1057 3961 1159 4016 Pacific
1172 3961 1297 4016 Oceans.

286 4043 306 4075 ⁸¹
326 4046 420 4100 These
432 4047 512 4114 facts,
524 4046 547 4102 ii
556 4048 738 4116 established,
748 4050 839 4104 would
852 4049 987 4119 certainly
997 4051 1069 4105 have
1081 4049 1231 4120 disproved
1244 4049 1293 4104 the
1305 4049 1403 4117 theory

249 4145 277 4182 m
291 4129 428 4198 question.

285 4209 305 4240 ‘³
326 4213 371 4268 On
389 4214 436 4268 the
449 4212 581 4283 disputed
595 4215 725 4284 question
739 4216 770 4270 oi
779 4215 827 4271 the
839 4216 959 4272 rotation
973 4216 1005 4271 ol
1012 4216 1060 4271 the
1073 4215 1153 4271 earth
1166 4233 1198 4270 or
1209 4215 1258 4271 the
1269 4215 1404 4280 heavens,

248 4312 296 4350 see
309 4296 357 4350 the
371 4306 435 4350 next
448 4297 555 4352 sectiorr
569 4298 601 4351 ol
610 4299 665 4353 this
678 4299 839 4370 Aphorism,
853 4301 909 4354 and
922 4317 966 4370 cp.
981 4299 1184 4365 Introduction,
1197 4317 1242 4370 pp.
1258 4299 1353 4368 33-36.

283 4377 305 4406 '²⁴
326 4379 465 4450 Compare
484 4380 532 4435 the
550 4382 650 4451 theory
662 4383 694 4436 of
710 4382 826 4449 Galileo,
840 4383 952 4438 noticed
971 4385 1069 4451 above,
1083 4383 1250 4452 connecting
1267 4383 1315 4437 the
1332 4381 1401 4452 phe·

248 4477 389 4516 nomenon
403 4463 492 4517 nithe
505 4462 578 4519 tides
591 4465 656 4519 with
669 4466 717 4521 the
729 4465 851 4521 rotation
864 4467 894 4521 oi
903 4468 951 4522 the
965 4468 1052 4522 earth.
