<?xml version="1.0" encoding="UTF-8"?>
<!DOCTYPE html PUBLIC "-//W3C//DTD XHTML 1.0 Transitional//EN"
    "http://www.w3.org/TR/xhtml1/DTD/xhtml1-transitional.dtd">
<html xmlns="http://www.w3.org/1999/xhtml" xml:lang="en" lang="en">
 <head>
  <title>
</title>
<meta http-equiv="Content-Type" content="text/html;charset=utf-8" />
  <meta name='ocr-system' content='tesseract 3.04.00' />
  <meta name='ocr-capabilities' content='ocr_page ocr_carea ocr_par ocr_line ocrx_word'/>
</head>
<body>
  <div class='ocr_page' id='page_1' title='image "./baconsnovumorga00bacogoog/baconsnovumorga00bacogoog_0350.png"; bbox 0 0 3358 5152; ppageno 0'>
   <div class='ocr_carea' id='block_1_1' title="bbox 638 412 1358 498">
    <p class='ocr_par' dir='ltr' id='par_1_1' title="bbox 638 412 1358 498">
     <span class='ocr_line' id='line_1_1' title="bbox 638 412 1358 498; baseline 0.007 -24"><span class='ocrx_word' id='word_1_1' title='bbox 638 419 718 476; x_wconf 86' lang='lat' dir='ltr'>LIB.</span> <span class='ocrx_word' id='word_1_2' title='bbox 741 419 766 474; x_wconf 96' lang='grc'>1.</span> <span class='ocrx_word' id='word_1_3' title='bbox 792 412 972 493; x_wconf 82' lang='lat'>117—118.</span> <span class='ocrx_word' id='word_1_4' title='bbox 1297 431 1358 498; x_wconf 86' lang='lat'>321</span> 
     </span>
    </p>
   </div>
   <div class='ocr_carea' id='block_1_2' title="bbox 209 580 1363 2538">
    <p class='ocr_par' dir='ltr' id='par_1_2' title="bbox 209 580 1363 2538">
     <span class='ocr_line' id='line_1_2' title="bbox 210 580 1362 670; baseline -0.001 -22"><span class='ocrx_word' id='word_1_5' title='bbox 210 583 325 667; x_wconf 80' lang='lat' dir='ltr'>pars³⁴</span> <span class='ocrx_word' id='word_1_6' title='bbox 346 582 597 650; x_wconf 88' lang='lat' dir='ltr'>Instaurationis</span> <span class='ocrx_word' id='word_1_7' title='bbox 615 580 787 670; x_wconf 84' lang='lat' dir='ltr'>consistit),</span> <span class='ocrx_word' id='word_1_8' title='bbox 802 593 901 666; x_wconf 89' lang='lat' dir='ltr'>atque</span> <span class='ocrx_word' id='word_1_9' title='bbox 918 583 1018 648; x_wconf 91' lang='lat' dir='ltr'>etiam</span> <span class='ocrx_word' id='word_1_10' title='bbox 1038 583 1201 666; x_wconf 90' lang='lat' dir='ltr'>exemplis</span> <span class='ocrx_word' id='word_1_11' title='bbox 1219 585 1362 668; x_wconf 90' lang='lat' dir='ltr'>particu-</span> 
     </span>
     <span class='ocr_line' id='line_1_3' title="bbox 210 683 1362 772; baseline 0.002 -22"><span class='ocrx_word' id='word_1_12' title='bbox 210 687 327 752; x_wconf 84' lang='lat' dir='ltr'>larium</span> <span class='ocrx_word' id='word_1_13' title='bbox 351 683 450 772; x_wconf 90' lang='lat' dir='ltr'>(quae</span> <span class='ocrx_word' id='word_1_14' title='bbox 473 688 505 750; x_wconf 92' lang='lat' dir='ltr'>in</span> <span class='ocrx_word' id='word_1_15' title='bbox 527 688 671 751; x_wconf 91' lang='lat' dir='ltr'>secunda</span> <span class='ocrx_word' id='word_1_16' title='bbox 693 698 787 770; x_wconf 90' lang='lat' dir='ltr'>parte</span> <span class='ocrx_word' id='word_1_17' title='bbox 808 683 1033 770; x_wconf 86' lang='lat' dir='ltr'>adduximus),</span> <span class='ocrx_word' id='word_1_18' title='bbox 1056 697 1156 770; x_wconf 89' lang='lat' dir='ltr'>atque</span> <span class='ocrx_word' id='word_1_19' title='bbox 1178 689 1310 772; x_wconf 85' lang='lat' dir='ltr'>insuper</span> <span class='ocrx_word' id='word_1_20' title='bbox 1329 688 1362 752; x_wconf 92' lang='lat' dir='ltr'>in</span> 
     </span>
     <span class='ocr_line' id='line_1_4' title="bbox 210 787 1362 875; baseline 0.001 -21"><span class='ocrx_word' id='word_1_21' title='bbox 210 793 495 855; x_wconf 88' lang='lat' dir='ltr'>observationibus</span> <span class='ocrx_word' id='word_1_22' title='bbox 511 791 630 855; x_wconf 91' lang='lat' dir='ltr'>nostris</span> <span class='ocrx_word' id='word_1_23' title='bbox 644 811 742 873; x_wconf 90' lang='lat' dir='ltr'>super</span> <span class='ocrx_word' id='word_1_24' title='bbox 759 790 930 855; x_wconf 87' lang='lat' dir='ltr'>historiam</span> <span class='ocrx_word' id='word_1_25' title='bbox 947 787 1044 875; x_wconf 90' lang='lat' dir='ltr'>(quae</span> <span class='ocrx_word' id='word_1_26' title='bbox 1062 792 1095 854; x_wconf 92' lang='lat' dir='ltr'>in</span> <span class='ocrx_word' id='word_1_27' title='bbox 1116 793 1213 856; x_wconf 92' lang='lat' dir='ltr'>tertia</span> <span class='ocrx_word' id='word_1_28' title='bbox 1233 801 1326 875; x_wconf 91' lang='lat' dir='ltr'>parte</span> <span class='ocrx_word' id='word_1_29' title='bbox 1336 789 1362 833; x_wconf 77' lang='lat'>³⁶</span> 
     </span>
     <span class='ocr_line' id='line_1_5' title="bbox 210 891 1363 980; baseline 0.002 -22"><span class='ocrx_word' id='word_1_30' title='bbox 210 897 319 977; x_wconf 92' lang='lat' dir='ltr'>operis</span> <span class='ocrx_word' id='word_1_31' title='bbox 350 896 516 979; x_wconf 88' lang='lat' dir='ltr'>descripta</span> <span class='ocrx_word' id='word_1_32' title='bbox 549 891 621 979; x_wconf 91' lang='lat' dir='ltr'>est),</span> <span class='ocrx_word' id='word_1_33' title='bbox 654 895 758 977; x_wconf 90' lang='lat' dir='ltr'>quivis</span> <span class='ocrx_word' id='word_1_34' title='bbox 787 895 838 958; x_wconf 92' lang='lat' dir='ltr'>vel</span> <span class='ocrx_word' id='word_1_35' title='bbox 872 895 1044 959; x_wconf 91' lang='lat' dir='ltr'>mediocris</span> <span class='ocrx_word' id='word_1_36' title='bbox 1077 896 1295 980; x_wconf 88' lang='lat' dir='ltr'>perspicaciae</span> <span class='ocrx_word' id='word_1_37' title='bbox 1328 905 1363 960; x_wconf 91' lang='lat' dir='ltr'>et</span> 
     </span>
     <span class='ocr_line' id='line_1_6' title="bbox 209 998 1362 1084; baseline -0.003 -19"><span class='ocrx_word' id='word_1_38' title='bbox 209 999 361 1065; x_wconf 86' lang='lat' dir='ltr'>solertiae</span> <span class='ocrx_word' id='word_1_39' title='bbox 383 999 601 1082; x_wconf 90' lang='lat' dir='ltr'>complurium</span> <span class='ocrx_word' id='word_1_40' title='bbox 624 1019 760 1084; x_wconf 91' lang='lat' dir='ltr'>operum</span> <span class='ocrx_word' id='word_1_41' title='bbox 784 998 941 1064; x_wconf 89' lang='lat' dir='ltr'>nobilium</span> <span class='ocrx_word' id='word_1_42' title='bbox 966 1000 1178 1078; x_wconf 77' lang='lat' dir='ltr'>indicationes</span> <span class='ocrx_word' id='word_1_43' title='bbox 1199 1009 1233 1064; x_wconf 88' lang='lat' dir='ltr'>et</span> <span class='ocrx_word' id='word_1_44' title='bbox 1255 1001 1362 1084; x_wconf 91' lang='lat' dir='ltr'>desig-</span> 
     </span>
     <span class='ocr_line' id='line_1_7' title="bbox 212 1101 1361 1186; baseline 0.001 -21"><span class='ocrx_word' id='word_1_45' title='bbox 212 1105 361 1166; x_wconf 89' lang='lat' dir='ltr'>nationes</span> <span class='ocrx_word' id='word_1_46' title='bbox 387 1103 509 1185; x_wconf 91' lang='lat' dir='ltr'>ubique</span> <span class='ocrx_word' id='word_1_47' title='bbox 535 1103 683 1180; x_wconf 83' lang='lat' dir='ltr'>notabit3</span> <span class='ocrx_word' id='word_1_48' title='bbox 713 1103 851 1186; x_wconf 88' lang='lat' dir='ltr'>ingenue</span> <span class='ocrx_word' id='word_1_49' title='bbox 876 1113 987 1166; x_wconf 91' lang='lat' dir='ltr'>tamen</span> <span class='ocrx_word' id='word_1_50' title='bbox 1014 1101 1165 1182; x_wconf 90' lang='lat' dir='ltr'>fatemur,</span> <span class='ocrx_word' id='word_1_51' title='bbox 1191 1103 1361 1167; x_wconf 89' lang='lat' dir='ltr'>historiam</span> 
     </span>
     <span class='ocr_line' id='line_1_8' title="bbox 211 1205 1362 1289; baseline 0.002 -21"><span class='ocrx_word' id='word_1_52' title='bbox 211 1205 393 1270; x_wconf 89' lang='lat' dir='ltr'>naturalem</span> <span class='ocrx_word' id='word_1_53' title='bbox 410 1227 509 1289; x_wconf 91' lang='lat' dir='ltr'>quam</span> <span class='ocrx_word' id='word_1_54' title='bbox 525 1206 632 1272; x_wconf 91' lang='lat' dir='ltr'>adhuc</span> <span class='ocrx_word' id='word_1_55' title='bbox 651 1205 820 1284; x_wconf 92' lang='lat' dir='ltr'>habemus,</span> <span class='ocrx_word' id='word_1_56' title='bbox 839 1215 897 1270; x_wconf 91' lang='lat' dir='ltr'>aut</span> <span class='ocrx_word' id='word_1_57' title='bbox 914 1227 958 1270; x_wconf 86' lang='lat' dir='ltr'>ex</span> <span class='ocrx_word' id='word_1_58' title='bbox 980 1205 1070 1270; x_wconf 92' lang='lat' dir='ltr'>libris</span> <span class='ocrx_word' id='word_1_59' title='bbox 1087 1217 1147 1272; x_wconf 90' lang='lat' dir='ltr'>aut</span> <span class='ocrx_word' id='word_1_60' title='bbox 1166 1227 1209 1270; x_wconf 86' lang='lat' dir='ltr'>ex</span> <span class='ocrx_word' id='word_1_61' title='bbox 1228 1207 1362 1289; x_wconf 85' lang='lat' dir='ltr'>inquisi-</span> 
     </span>
     <span class='ocr_line' id='line_1_9' title="bbox 210 1309 1361 1394; baseline -0.001 -19"><span class='ocrx_word' id='word_1_62' title='bbox 210 1310 299 1375; x_wconf 91' lang='lat' dir='ltr'>tione</span> <span class='ocrx_word' id='word_1_63' title='bbox 335 1311 474 1394; x_wconf 91' lang='lat' dir='ltr'>propria,</span> <span class='ocrx_word' id='word_1_64' title='bbox 508 1330 574 1374; x_wconf 92' lang='lat' dir='ltr'>non</span> <span class='ocrx_word' id='word_1_65' title='bbox 607 1320 676 1374; x_wconf 88' lang='lat' dir='ltr'>tam</span> <span class='ocrx_word' id='word_1_66' title='bbox 712 1311 881 1392; x_wconf 89' lang='lat' dir='ltr'>copiosam</span> <span class='ocrx_word' id='word_1_67' title='bbox 913 1331 984 1374; x_wconf 92' lang='lat' dir='ltr'>esse</span> <span class='ocrx_word' id='word_1_68' title='bbox 1017 1320 1050 1374; x_wconf 90' lang='lat' dir='ltr'>et</span> <span class='ocrx_word' id='word_1_69' title='bbox 1082 1309 1292 1388; x_wconf 88' lang='lat' dir='ltr'>verificatam,</span> <span class='ocrx_word' id='word_1_70' title='bbox 1325 1321 1361 1374; x_wconf 90' lang='lat' dir='ltr'>ut</span> 
     </span>
     <span class='ocr_line' id='line_1_10' title="bbox 210 1413 1300 1499; baseline -0.001 -22"><span class='ocrx_word' id='word_1_71' title='bbox 210 1414 376 1498; x_wconf 84' lang='lat' dir='ltr'>legitimae</span> <span class='ocrx_word' id='word_1_72' title='bbox 393 1415 658 1499; x_wconf 89' lang='lat' dir='ltr'>Interpretationi</span> <span class='ocrx_word' id='word_1_73' title='bbox 675 1413 861 1480; x_wconf 88' lang='lat' dir='ltr'>satisfacere</span> <span class='ocrx_word' id='word_1_74' title='bbox 877 1423 934 1479; x_wconf 91' lang='lat' dir='ltr'>aut</span> <span class='ocrx_word' id='word_1_75' title='bbox 951 1413 1132 1478; x_wconf 89' lang='lat' dir='ltr'>ministrare</span> <span class='ocrx_word' id='word_1_76' title='bbox 1148 1415 1251 1498; x_wconf 87' lang='lat' dir='ltr'>possit</span> <span class='ocrx_word' id='word_1_77' title='bbox 1264 1413 1300 1476; x_wconf 69' lang='lat'>³⁸.</span> 
     </span>
     <span class='ocr_line' id='line_1_11' title="bbox 255 1517 1361 1604; baseline 0 -22"><span class='ocrx_word' id='word_1_78' title='bbox 255 1518 373 1601; x_wconf 89' lang='lat' dir='ltr'>Itaque</span> <span class='ocrx_word' id='word_1_79' title='bbox 395 1520 421 1583; x_wconf 90' lang='lat' dir='ltr'>si</span> <span class='ocrx_word' id='word_1_80' title='bbox 448 1520 521 1601; x_wconf 89' lang='lat' dir='ltr'>quis</span> <span class='ocrx_word' id='word_1_81' title='bbox 547 1519 589 1583; x_wconf 91' lang='lat' dir='ltr'>ad</span> <span class='ocrx_word' id='word_1_82' title='bbox 617 1517 806 1583; x_wconf 85' lang='lat' dir='ltr'>mechanIca</span> <span class='ocrx_word' id='word_1_83' title='bbox 836 1520 879 1582; x_wconf 86' lang='lat' dir='ltr'>sit</span> <span class='ocrx_word' id='word_1_84' title='bbox 906 1519 1011 1604; x_wconf 87' lang='lat' dir='ltr'>magis</span> <span class='ocrx_word' id='word_1_85' title='bbox 1036 1529 1133 1602; x_wconf 90' lang='lat' dir='ltr'>aptus</span> <span class='ocrx_word' id='word_1_86' title='bbox 1159 1529 1193 1584; x_wconf 89' lang='lat' dir='ltr'>et</span> <span class='ocrx_word' id='word_1_87' title='bbox 1219 1529 1361 1602; x_wconf 87' lang='lat' dir='ltr'>paratus,</span> 
     </span>
     <span class='ocr_line' id='line_1_12' title="bbox 210 1623 1361 1707; baseline -0.002 -19"><span class='ocrx_word' id='word_1_88' title='bbox 210 1633 309 1705; x_wconf 85' lang='lat' dir='ltr'>atque</span> <span class='ocrx_word' id='word_1_89' title='bbox 324 1642 428 1705; x_wconf 88' lang='lat' dir='ltr'>sagax</span> <span class='ocrx_word' id='word_1_90' title='bbox 443 1623 486 1687; x_wconf 91' lang='lat' dir='ltr'>ad</span> <span class='ocrx_word' id='word_1_91' title='bbox 502 1623 652 1688; x_wconf 88' lang='lat' dir='ltr'>venanda</span> <span class='ocrx_word' id='word_1_92' title='bbox 667 1644 767 1707; x_wconf 92' lang='lat' dir='ltr'>opera</span> <span class='ocrx_word' id='word_1_93' title='bbox 786 1643 829 1687; x_wconf 87' lang='lat' dir='ltr'>ex</span> <span class='ocrx_word' id='word_1_94' title='bbox 849 1624 1095 1687; x_wconf 91' lang='lat' dir='ltr'>conversatione</span> <span class='ocrx_word' id='word_1_95' title='bbox 1113 1623 1184 1688; x_wconf 88' lang='lat' dir='ltr'>sola</span> <span class='ocrx_word' id='word_1_96' title='bbox 1207 1643 1282 1687; x_wconf 93' lang='lat' dir='ltr'>cum</span> <span class='ocrx_word' id='word_1_97' title='bbox 1302 1644 1361 1686; x_wconf 89' lang='lat' dir='ltr'>ex·</span> 
     </span>
     <span class='ocr_line' id='line_1_13' title="bbox 210 1726 1361 1812; baseline -0.001 -21"><span class='ocrx_word' id='word_1_98' title='bbox 210 1727 406 1811; x_wconf 84' lang='lat' dir='ltr'>perimentis,</span> <span class='ocrx_word' id='word_1_99' title='bbox 422 1729 451 1791; x_wconf 90' lang='lat' dir='ltr'>ei</span> <span class='ocrx_word' id='word_1_100' title='bbox 468 1727 688 1812; x_wconf 88' lang='lat' dir='ltr'>permittimus</span> <span class='ocrx_word' id='word_1_101' title='bbox 708 1737 742 1792; x_wconf 90' lang='lat' dir='ltr'>et</span> <span class='ocrx_word' id='word_1_102' title='bbox 761 1727 973 1811; x_wconf 90' lang='lat' dir='ltr'>relinquimus</span> <span class='ocrx_word' id='word_1_103' title='bbox 993 1726 1082 1792; x_wconf 91' lang='lat' dir='ltr'>illam</span> <span class='ocrx_word' id='word_1_104' title='bbox 1104 1727 1307 1804; x_wconf 89' lang='lat' dir='ltr'>industriam,</span> <span class='ocrx_word' id='word_1_105' title='bbox 1325 1735 1361 1790; x_wconf 92' lang='lat' dir='ltr'>ut</span> 
     </span>
     <span class='ocr_line' id='line_1_14' title="bbox 209 1829 1362 1915; baseline -0.002 -19"><span class='ocrx_word' id='word_1_106' title='bbox 209 1853 253 1896; x_wconf 88' lang='lat' dir='ltr'>ex</span> <span class='ocrx_word' id='word_1_107' title='bbox 276 1831 411 1895; x_wconf 87' lang='lat' dir='ltr'>historia</span> <span class='ocrx_word' id='word_1_108' title='bbox 432 1840 543 1896; x_wconf 90' lang='lat' dir='ltr'>nostra</span> <span class='ocrx_word' id='word_1_109' title='bbox 565 1829 741 1896; x_wconf 72' lang='lat' dir='ltr'>ettabulis</span> <span class='ocrx_word' id='word_1_110' title='bbox 763 1831 869 1896; x_wconf 88' lang='lat' dir='ltr'>multa</span> <span class='ocrx_word' id='word_1_111' title='bbox 894 1841 1052 1915; x_wconf 91' lang='lat' dir='ltr'>tanquam</span> <span class='ocrx_word' id='word_1_112' title='bbox 1079 1831 1111 1894; x_wconf 94' lang='lat' dir='ltr'>in</span> <span class='ocrx_word' id='word_1_113' title='bbox 1133 1832 1186 1896; x_wconf 91' lang='lat' dir='ltr'>via</span> <span class='ocrx_word' id='word_1_114' title='bbox 1209 1832 1362 1914; x_wconf 89' lang='lat' dir='ltr'>decerpat</span> 
     </span>
     <span class='ocr_line' id='line_1_15' title="bbox 210 1933 1362 2019; baseline 0.002 -19"><span class='ocrx_word' id='word_1_115' title='bbox 210 1945 243 2000; x_wconf 93' lang='lat' dir='ltr'>et</span> <span class='ocrx_word' id='word_1_116' title='bbox 259 1935 401 2019; x_wconf 87' lang='lat' dir='ltr'>applicet</span> <span class='ocrx_word' id='word_1_117' title='bbox 416 1935 458 2000; x_wconf 93' lang='lat' dir='ltr'>ad</span> <span class='ocrx_word' id='word_1_118' title='bbox 475 1955 585 2018; x_wconf 92' lang='lat' dir='ltr'>opera,</span> <span class='ocrx_word' id='word_1_119' title='bbox 598 1955 636 1999; x_wconf 95' lang='lat' dir='ltr'>ac</span> <span class='ocrx_word' id='word_1_120' title='bbox 651 1933 754 1999; x_wconf 92' lang='lat' dir='ltr'>veluti</span> <span class='ocrx_word' id='word_1_121' title='bbox 768 1935 882 2000; x_wconf 91' lang='lat' dir='ltr'>foenus</span> <span class='ocrx_word' id='word_1_122' title='bbox 898 1936 1034 2018; x_wconf 90' lang='lat' dir='ltr'>recipiat</span> <span class='ocrx_word' id='word_1_123' title='bbox 1048 1935 1091 1999; x_wconf 93' lang='lat' dir='ltr'>ad</span> <span class='ocrx_word' id='word_1_124' title='bbox 1106 1945 1245 2019; x_wconf 91' lang='lat' dir='ltr'>tempus,</span> <span class='ocrx_word' id='word_1_125' title='bbox 1257 1937 1362 2002; x_wconf 87' lang='lat' dir='ltr'>donec</span> 
     </span>
     <span class='ocr_line' id='line_1_16' title="bbox 210 2038 1361 2123; baseline -0.001 -20"><span class='ocrx_word' id='word_1_126' title='bbox 210 2060 280 2104; x_wconf 91' lang='lat' dir='ltr'>sors</span> <span class='ocrx_word' id='word_1_127' title='bbox 302 2040 415 2103; x_wconf 92' lang='lat' dir='ltr'>haberi</span> <span class='ocrx_word' id='word_1_128' title='bbox 438 2039 551 2123; x_wconf 90' lang='lat' dir='ltr'>possit.</span> <span class='ocrx_word' id='word_1_129' title='bbox 597 2039 669 2102; x_wconf 89' lang='lat' dir='ltr'>Nos</span> <span class='ocrx_word' id='word_1_130' title='bbox 691 2060 778 2114; x_wconf 91' lang='lat' dir='ltr'>vero,</span> <span class='ocrx_word' id='word_1_131' title='bbox 802 2059 877 2103; x_wconf 97' lang='lat' dir='ltr'>cum</span> <span class='ocrx_word' id='word_1_132' title='bbox 899 2040 942 2103; x_wconf 90' lang='lat' dir='ltr'>ad</span> <span class='ocrx_word' id='word_1_133' title='bbox 966 2038 1091 2122; x_wconf 88' lang='lat' dir='ltr'>majora</span> <span class='ocrx_word' id='word_1_134' title='bbox 1115 2040 1361 2116; x_wconf 89' lang='lat' dir='ltr'>contendamus,</span> 
     </span>
     <span class='ocr_line' id='line_1_17' title="bbox 210 2142 1361 2227; baseline -0.002 -21"><span class='ocrx_word' id='word_1_135' title='bbox 210 2164 338 2208; x_wconf 90' lang='lat' dir='ltr'>moram</span> <span class='ocrx_word' id='word_1_136' title='bbox 364 2163 496 2207; x_wconf 92' lang='lat' dir='ltr'>omnem</span> <span class='ocrx_word' id='word_1_137' title='bbox 523 2163 773 2226; x_wconf 89' lang='lat' dir='ltr'>praeproperam</span> <span class='ocrx_word' id='word_1_138' title='bbox 796 2152 830 2207; x_wconf 90' lang='lat' dir='ltr'>et</span> <span class='ocrx_word' id='word_1_139' title='bbox 856 2152 1097 2227; x_wconf 89' lang='lat' dir='ltr'>praematuram</span> <span class='ocrx_word' id='word_1_140' title='bbox 1120 2143 1154 2205; x_wconf 92' lang='lat' dir='ltr'>in</span> <span class='ocrx_word' id='word_1_141' title='bbox 1177 2142 1361 2208; x_wconf 86' lang='lat' dir='ltr'>istiusmodi</span> 
     </span>
     <span class='ocr_line' id='line_1_18' title="bbox 211 2242 1362 2333; baseline -0.001 -22"><span class='ocrx_word' id='word_1_142' title='bbox 211 2247 307 2311; x_wconf 89' lang='lat' dir='ltr'>rebus</span> <span class='ocrx_word' id='word_1_143' title='bbox 333 2256 492 2329; x_wconf 89' lang='lat' dir='ltr'>tanquam</span> <span class='ocrx_word' id='word_1_144' title='bbox 520 2246 702 2312; x_wconf 88' lang='lat' dir='ltr'>Atalantae</span> <span class='ocrx_word' id='word_1_145' title='bbox 728 2247 812 2330; x_wconf 91' lang='lat' dir='ltr'>pilas</span> <span class='ocrx_word' id='word_1_146' title='bbox 836 2242 887 2333; x_wconf 83' lang='lat' dir='ltr'>(ut</span> <span class='ocrx_word' id='word_1_147' title='bbox 914 2247 1045 2330; x_wconf 91' lang='lat' dir='ltr'>saepius</span> <span class='ocrx_word' id='word_1_148' title='bbox 1070 2246 1214 2310; x_wconf 90' lang='lat' dir='ltr'>solemus</span> <span class='ocrx_word' id='word_1_149' title='bbox 1241 2244 1362 2330; x_wconf 89' lang='lat' dir='ltr'>dicere)</span> 
     </span>
     <span class='ocr_line' id='line_1_19' title="bbox 210 2349 1361 2434; baseline -0.002 -19"><span class='ocrx_word' id='word_1_150' title='bbox 210 2351 413 2423; x_wconf 84' lang='lat' dir='ltr'>damnamus.</span> <span class='ocrx_word' id='word_1_151' title='bbox 460 2351 578 2432; x_wconf 90' lang='lat' dir='ltr'>Neque</span> <span class='ocrx_word' id='word_1_152' title='bbox 603 2349 691 2414; x_wconf 91' lang='lat' dir='ltr'>enim</span> <span class='ocrx_word' id='word_1_153' title='bbox 718 2370 816 2414; x_wconf 90' lang='lat' dir='ltr'>aurea</span> <span class='ocrx_word' id='word_1_154' title='bbox 841 2369 943 2434; x_wconf 91' lang='lat' dir='ltr'>poma</span> <span class='ocrx_word' id='word_1_155' title='bbox 964 2349 1132 2433; x_wconf 86' lang='lat' dir='ltr'>pueriliter</span> <span class='ocrx_word' id='word_1_156' title='bbox 1157 2349 1361 2424; x_wconf 86' lang='lat' dir='ltr'>affectamus,</span> 
     </span>
     <span class='ocr_line' id='line_1_20' title="bbox 210 2453 1361 2538; baseline -0.003 -19"><span class='ocrx_word' id='word_1_157' title='bbox 210 2457 269 2519; x_wconf 89' lang='lat' dir='ltr'>sed</span> <span class='ocrx_word' id='word_1_158' title='bbox 291 2456 402 2520; x_wconf 89' lang='lat' dir='ltr'>omnia</span> <span class='ocrx_word' id='word_1_159' title='bbox 424 2454 456 2518; x_wconf 88' lang='lat' dir='ltr'>in</span> <span class='ocrx_word' id='word_1_160' title='bbox 475 2454 610 2519; x_wconf 89' lang='lat' dir='ltr'>victoria</span> <span class='ocrx_word' id='word_1_161' title='bbox 631 2474 744 2519; x_wconf 89' lang='lat' dir='ltr'>cursus</span> <span class='ocrx_word' id='word_1_162' title='bbox 766 2454 846 2518; x_wconf 88' lang='lat' dir='ltr'>artis</span> <span class='ocrx_word' id='word_1_163' title='bbox 865 2473 963 2538; x_wconf 89' lang='lat' dir='ltr'>super</span> <span class='ocrx_word' id='word_1_164' title='bbox 981 2463 1133 2517; x_wconf 90' lang='lat' dir='ltr'>naturam</span> <span class='ocrx_word' id='word_1_165' title='bbox 1144 2453 1170 2494; x_wconf 77' lang='lat'>³⁷</span> <span class='ocrx_word' id='word_1_166' title='bbox 1190 2454 1361 2536; x_wconf 81' lang='lat' dir='ltr'>ponimus3</span> 
     </span>
    </p>
   </div>
   <div class='ocr_carea' id='block_1_3' title="bbox 209 2556 1360 2745">
    <p class='ocr_par' dir='ltr' id='par_1_3' title="bbox 209 2556 1360 2745">
     <span class='ocr_line' id='line_1_21' title="bbox 210 2556 1360 2642; baseline -0.002 -20"><span class='ocrx_word' id='word_1_167' title='bbox 210 2579 316 2642; x_wconf 91' lang='lat' dir='ltr'>neque</span> <span class='ocrx_word' id='word_1_168' title='bbox 340 2578 488 2622; x_wconf 90' lang='lat' dir='ltr'>muscum</span> <span class='ocrx_word' id='word_1_169' title='bbox 511 2568 569 2623; x_wconf 91' lang='lat' dir='ltr'>aut</span> <span class='ocrx_word' id='word_1_170' title='bbox 595 2567 740 2641; x_wconf 84' lang='lat' dir='ltr'>segetem</span> <span class='ocrx_word' id='word_1_171' title='bbox 767 2557 939 2622; x_wconf 87' lang='lat' dir='ltr'>herbidam</span> <span class='ocrx_word' id='word_1_172' title='bbox 967 2558 1133 2622; x_wconf 89' lang='lat' dir='ltr'>demetere</span> <span class='ocrx_word' id='word_1_173' title='bbox 1158 2556 1360 2633; x_wconf 88' lang='lat' dir='ltr'>festinamus,</span> 
     </span>
     <span class='ocr_line' id='line_1_22' title="bbox 209 2663 932 2745; baseline -0.003 -17"><span class='ocrx_word' id='word_1_174' title='bbox 209 2664 267 2728; x_wconf 91' lang='lat' dir='ltr'>sed</span> <span class='ocrx_word' id='word_1_175' title='bbox 291 2682 431 2726; x_wconf 90' lang='lat' dir='ltr'>messem</span> <span class='ocrx_word' id='word_1_176' title='bbox 454 2663 684 2745; x_wconf 81' lang='lat' dir='ltr'>tempestiuam</span> <span class='ocrx_word' id='word_1_177' title='bbox 707 2671 932 2744; x_wconf 88' lang='lat' dir='ltr'>expectamus.</span> 
     </span>
    </p>
   </div>
   <div class='ocr_carea' id='block_1_4' title="bbox 703 2837 866 2908">
    <p class='ocr_par' dir='ltr' id='par_1_4' title="bbox 703 2837 866 2908">
     <span class='ocr_line' id='line_1_23' title="bbox 703 2837 866 2908; baseline 0.018 -4"><span class='ocrx_word' id='word_1_178' title='bbox 703 2837 866 2908; x_wconf 90' lang='lat' dir='ltr'>CXVIII.</span> 
     </span>
    </p>
   </div>
   <div class='ocr_carea' id='block_1_5' title="bbox 211 2978 1362 3269">
    <p class='ocr_par' dir='ltr' id='par_1_5' title="bbox 211 2978 1362 3269">
     <span class='ocr_line' id='line_1_24' title="bbox 255 2978 1360 3064; baseline -0.003 -18"><span class='ocrx_word' id='word_1_179' title='bbox 255 2979 412 3046; x_wconf 92' lang='lat' dir='ltr'>Occurret</span> <span class='ocrx_word' id='word_1_180' title='bbox 422 2980 522 3044; x_wconf 89' lang='lat' dir='ltr'>etiam</span> <span class='ocrx_word' id='word_1_181' title='bbox 534 2979 632 3043; x_wconf 91' lang='lat' dir='ltr'>alicui</span> <span class='ocrx_word' id='word_1_182' title='bbox 644 2978 869 3063; x_wconf 91' lang='lat' dir='ltr'>proculdubi0,</span> <span class='ocrx_word' id='word_1_183' title='bbox 882 2989 1060 3062; x_wconf 91' lang='lat' dir='ltr'>postquam</span> <span class='ocrx_word' id='word_1_184' title='bbox 1072 2981 1177 3064; x_wconf 89' lang='lat' dir='ltr'>ipsam</span> <span class='ocrx_word' id='word_1_185' title='bbox 1188 2980 1360 3045; x_wconf 86' lang='lat' dir='ltr'>historiam</span> 
     </span>
     <span class='ocr_line' id='line_1_25' title="bbox 211 3082 1361 3167; baseline -0.003 -18"><span class='ocrx_word' id='word_1_186' title='bbox 211 3093 357 3149; x_wconf 89' lang='lat' dir='ltr'>nostram</span> <span class='ocrx_word' id='word_1_187' title='bbox 380 3094 414 3149; x_wconf 91' lang='lat' dir='ltr'>et</span> <span class='ocrx_word' id='word_1_188' title='bbox 437 3083 633 3147; x_wconf 89' lang='lat' dir='ltr'>inventionis</span> <span class='ocrx_word' id='word_1_189' title='bbox 655 3082 787 3148; x_wconf 92' lang='lat' dir='ltr'>tabulas</span> <span class='ocrx_word' id='word_1_190' title='bbox 805 3083 991 3167; x_wconf 86' lang='lat' dir='ltr'>perlegerit,</span> <span class='ocrx_word' id='word_1_191' title='bbox 1006 3083 1132 3166; x_wconf 88' lang='lat' dir='ltr'>aliquid</span> <span class='ocrx_word' id='word_1_192' title='bbox 1156 3085 1189 3148; x_wconf 92' lang='lat' dir='ltr'>in</span> <span class='ocrx_word' id='word_1_193' title='bbox 1206 3085 1283 3166; x_wconf 91' lang='lat' dir='ltr'>ipsis</span> <span class='ocrx_word' id='word_1_194' title='bbox 1301 3103 1361 3148; x_wconf 87' lang='lat' dir='ltr'>ex·</span> 
     </span>
     <span class='ocr_line' id='line_1_26' title="bbox 211 3181 1362 3269; baseline -0.001 -21"><span class='ocrx_word' id='word_1_195' title='bbox 211 3184 401 3269; x_wconf 89' lang='lat' dir='ltr'>perimentis</span> <span class='ocrx_word' id='word_1_196' title='bbox 417 3183 524 3246; x_wconf 91' lang='lat' dir='ltr'>minus</span> <span class='ocrx_word' id='word_1_197' title='bbox 540 3191 676 3257; x_wconf 92' lang='lat' dir='ltr'>certum,</span> <span class='ocrx_word' id='word_1_198' title='bbox 692 3181 744 3247; x_wconf 89' lang='lat' dir='ltr'>vel</span> <span class='ocrx_word' id='word_1_199' title='bbox 760 3182 894 3246; x_wconf 93' lang='lat' dir='ltr'>omnino</span> <span class='ocrx_word' id='word_1_200' title='bbox 909 3181 1046 3260; x_wconf 91' lang='lat' dir='ltr'>falsum;</span> <span class='ocrx_word' id='word_1_201' title='bbox 1070 3193 1171 3266; x_wconf 90' lang='lat' dir='ltr'>atque</span> <span class='ocrx_word' id='word_1_202' title='bbox 1187 3191 1362 3268; x_wconf 88' lang='lat' dir='ltr'>propterea</span> 
     </span>
    </p>
   </div>
   <div class='ocr_carea' id='block_1_6' title="bbox 210 3287 1362 3464">
    <p class='ocr_par' dir='ltr' id='par_1_6' title="bbox 210 3287 1362 3464">
     <span class='ocr_line' id='line_1_27' title="bbox 210 3287 1362 3370; baseline -0.003 -16"><span class='ocrx_word' id='word_1_203' title='bbox 210 3309 322 3354; x_wconf 91' lang='lat' dir='ltr'>secum</span> <span class='ocrx_word' id='word_1_204' title='bbox 349 3288 487 3352; x_wconf 91' lang='lat' dir='ltr'>fortasse</span> <span class='ocrx_word' id='word_1_205' title='bbox 511 3287 688 3369; x_wconf 88' lang='lat' dir='ltr'>reputabit,</span> <span class='ocrx_word' id='word_1_206' title='bbox 715 3287 938 3351; x_wconf 85' lang='lat' dir='ltr'>fundamentis</span> <span class='ocrx_word' id='word_1_207' title='bbox 966 3297 1001 3352; x_wconf 90' lang='lat' dir='ltr'>et</span> <span class='ocrx_word' id='word_1_208' title='bbox 1023 3287 1192 3370; x_wconf 89' lang='lat' dir='ltr'>principiis</span> <span class='ocrx_word' id='word_1_209' title='bbox 1215 3287 1304 3352; x_wconf 90' lang='lat' dir='ltr'>falsis</span> <span class='ocrx_word' id='word_1_210' title='bbox 1327 3294 1362 3350; x_wconf 91' lang='lat' dir='ltr'>et</span> 
     </span>
     <span class='ocr_line' id='line_1_28' title="bbox 210 3384 1360 3464; baseline -0.004 -11"><span class='ocrx_word' id='word_1_211' title='bbox 210 3389 320 3453; x_wconf 91' lang='lat' dir='ltr'>dubiis</span> <span class='ocrx_word' id='word_1_212' title='bbox 335 3388 467 3456; x_wconf 86' lang='lat' dir='ltr'>inventa</span> <span class='ocrx_word' id='word_1_213' title='bbox 483 3399 596 3450; x_wconf 91' lang='lat' dir='ltr'>nostra</span> <span class='ocrx_word' id='word_1_214' title='bbox 612 3387 681 3449; x_wconf 91' lang='lat' dir='ltr'>niti.</span> <span class='ocrx_word' id='word_1_215' title='bbox 711 3385 837 3450; x_wconf 90' lang='lat' dir='ltr'>Verum</span> <span class='ocrx_word' id='word_1_216' title='bbox 853 3384 916 3451; x_wconf 91' lang='lat' dir='ltr'>hoc</span> <span class='ocrx_word' id='word_1_217' title='bbox 932 3385 1013 3449; x_wconf 91' lang='lat' dir='ltr'>nihil</span> <span class='ocrx_word' id='word_1_218' title='bbox 1030 3397 1102 3464; x_wconf 82' lang='lat' dir='ltr'>est3</span> <span class='ocrx_word' id='word_1_219' title='bbox 1126 3407 1257 3452; x_wconf 89' lang='lat' dir='ltr'>necesse</span> <span class='ocrx_word' id='word_1_220' title='bbox 1273 3386 1360 3450; x_wconf 90' lang='lat' dir='ltr'>enim</span> 
     </span>
    </p>
   </div>
   <div class='ocr_carea' id='block_1_7' title="bbox 210 3487 1359 3678">
    <p class='ocr_par' dir='ltr' id='par_1_7' title="bbox 210 3487 1359 3678">
     <span class='ocr_line' id='line_1_29' title="bbox 210 3487 1359 3574; baseline -0.003 -18"><span class='ocrx_word' id='word_1_221' title='bbox 210 3504 259 3556; x_wconf 91' lang='lat' dir='ltr'>est</span> <span class='ocrx_word' id='word_1_222' title='bbox 283 3491 363 3556; x_wconf 91' lang='lat' dir='ltr'>talia</span> <span class='ocrx_word' id='word_1_223' title='bbox 385 3492 447 3555; x_wconf 93' lang='lat' dir='ltr'>sub</span> <span class='ocrx_word' id='word_1_224' title='bbox 470 3490 569 3555; x_wconf 89' lang='lat' dir='ltr'>initiis</span> <span class='ocrx_word' id='word_1_225' title='bbox 591 3489 730 3555; x_wconf 90' lang='lat' dir='ltr'>evenire.</span> <span class='ocrx_word' id='word_1_226' title='bbox 777 3487 894 3554; x_wconf 90' lang='lat' dir='ltr'>Simile</span> <span class='ocrx_word' id='word_1_227' title='bbox 915 3490 1002 3553; x_wconf 92' lang='lat' dir='ltr'>enim</span> <span class='ocrx_word' id='word_1_228' title='bbox 1025 3499 1077 3555; x_wconf 89' lang='lat' dir='ltr'>est</span> <span class='ocrx_word' id='word_1_229' title='bbox 1097 3511 1135 3554; x_wconf 92' lang='lat' dir='ltr'>ac</span> <span class='ocrx_word' id='word_1_230' title='bbox 1156 3492 1183 3554; x_wconf 93' lang='lat' dir='ltr'>si</span> <span class='ocrx_word' id='word_1_231' title='bbox 1207 3491 1239 3554; x_wconf 90' lang='lat' dir='ltr'>in</span> <span class='ocrx_word' id='word_1_232' title='bbox 1259 3491 1359 3574; x_wconf 89' lang='lat' dir='ltr'>scrip-</span> 
     </span>
     <span class='ocr_line' id='line_1_30' title="bbox 210 3592 1359 3678; baseline -0.001 -19"><span class='ocrx_word' id='word_1_233' title='bbox 210 3598 301 3659; x_wconf 89' lang='lat' dir='ltr'>tione</span> <span class='ocrx_word' id='word_1_234' title='bbox 322 3606 381 3661; x_wconf 92' lang='lat' dir='ltr'>aut</span> <span class='ocrx_word' id='word_1_235' title='bbox 408 3594 619 3677; x_wconf 89' lang='lat' dir='ltr'>impressione</span> <span class='ocrx_word' id='word_1_236' title='bbox 646 3614 711 3658; x_wconf 89' lang='lat' dir='ltr'>una</span> <span class='ocrx_word' id='word_1_237' title='bbox 737 3593 822 3658; x_wconf 91' lang='lat' dir='ltr'>forte</span> <span class='ocrx_word' id='word_1_238' title='bbox 852 3592 947 3658; x_wconf 91' lang='lat' dir='ltr'>litera</span> <span class='ocrx_word' id='word_1_239' title='bbox 973 3603 1032 3658; x_wconf 92' lang='lat' dir='ltr'>aut</span> <span class='ocrx_word' id='word_1_240' title='bbox 1055 3594 1159 3658; x_wconf 90' lang='lat' dir='ltr'>altera</span> <span class='ocrx_word' id='word_1_241' title='bbox 1186 3613 1359 3678; x_wconf 86' lang='lat' dir='ltr'>perperam</span> 
     </span>
    </p>
   </div>
   <div class='ocr_carea' id='block_1_8' title="bbox 209 3779 1360 4603">
    <p class='ocr_par' dir='ltr' id='par_1_8' title="bbox 248 3779 1069 3852">
     <span class='ocr_line' id='line_1_31' title="bbox 248 3779 1069 3852; baseline 0 -16"><span class='ocrx_word' id='word_1_242' title='bbox 248 3779 270 3812; x_wconf 82' lang='lat'>³⁴</span> <span class='ocrx_word' id='word_1_243' title='bbox 288 3782 349 3838; x_wconf 86' lang='lat' dir='ltr'>The</span> <span class='ocrx_word' id='word_1_244' title='bbox 363 3781 464 3836; x_wconf 86' lang='lat' dir='ltr'>‘Scala</span> <span class='ocrx_word' id='word_1_245' title='bbox 479 3781 656 3837; x_wconf 64' lang='lat' dir='ltr'>Intellectus!</span> <span class='ocrx_word' id='word_1_246' title='bbox 695 3783 747 3852; x_wconf 86' lang='lat' dir='ltr'>Cp.</span> <span class='ocrx_word' id='word_1_247' title='bbox 762 3791 827 3836; x_wconf 88' lang='lat' dir='ltr'>note</span> <span class='ocrx_word' id='word_1_248' title='bbox 840 3781 873 3850; x_wconf 83' lang='lat'>65</span> <span class='ocrx_word' id='word_1_249' title='bbox 887 3797 924 3836; x_wconf 90' lang='lat' dir='ltr'>on</span> <span class='ocrx_word' id='word_1_250' title='bbox 937 3781 1012 3852; x_wconf 90' lang='lat' dir='ltr'>Aph.</span> <span class='ocrx_word' id='word_1_251' title='bbox 1025 3796 1069 3849; x_wconf 88' lang='lat'>9²·</span> 
     </span>
    </p>

    <p class='ocr_par' dir='ltr' id='par_1_9' title="bbox 212 3861 1360 4018">
     <span class='ocr_line' id='line_1_32' title="bbox 246 3861 1360 3936; baseline 0 -18"><span class='ocrx_word' id='word_1_252' title='bbox 246 3861 269 3895; x_wconf 76' lang='lat'>⁸⁶</span> <span class='ocrx_word' id='word_1_253' title='bbox 287 3864 349 3918; x_wconf 86' lang='lat' dir='ltr'>The</span> <span class='ocrx_word' id='word_1_254' title='bbox 362 3862 369 3892; x_wconf 89' lang='lat'>‘</span> <span class='ocrx_word' id='word_1_255' title='bbox 380 3863 580 3919; x_wconf 88' lang='lat' dir='ltr'>Phaenomena</span> <span class='ocrx_word' id='word_1_256' title='bbox 596 3863 738 3932; x_wconf 84' lang='lat' dir='ltr'>Universi‚</span> <span class='ocrx_word' id='word_1_257' title='bbox 751 3863 810 3920; x_wconf 85' lang='lat' dir='ltr'>sive</span> <span class='ocrx_word' id='word_1_258' title='bbox 826 3864 953 3919; x_wconf 87' lang='lat' dir='ltr'>Historia</span> <span class='ocrx_word' id='word_1_259' title='bbox 972 3864 1116 3920; x_wconf 89' lang='lat' dir='ltr'>Naturalis</span> <span class='ocrx_word' id='word_1_260' title='bbox 1131 3875 1160 3920; x_wconf 90' lang='lat' dir='ltr'>et</span> <span class='ocrx_word' id='word_1_261' title='bbox 1178 3864 1360 3936; x_wconf 88' lang='lat' dir='ltr'>Experimen-</span> 
     </span>
     <span class='ocr_line' id='line_1_33' title="bbox 212 3946 1164 4018; baseline 0.001 -17"><span class='ocrx_word' id='word_1_262' title='bbox 212 3947 276 4003; x_wconf 85' lang='lat' dir='ltr'>talis</span> <span class='ocrx_word' id='word_1_263' title='bbox 288 3948 325 4002; x_wconf 93' lang='lat' dir='ltr'>ad</span> <span class='ocrx_word' id='word_1_264' title='bbox 338 3946 514 4002; x_wconf 87' lang='lat' dir='ltr'>condendam</span> <span class='ocrx_word' id='word_1_265' title='bbox 528 3946 755 4017; x_wconf 67' lang='lat' dir='ltr'>Philosophiam!</span> <span class='ocrx_word' id='word_1_266' title='bbox 794 3948 844 4017; x_wconf 91' lang='lat' dir='ltr'>Cp.</span> <span class='ocrx_word' id='word_1_267' title='bbox 860 3957 926 4002; x_wconf 88' lang='lat' dir='ltr'>note</span> <span class='ocrx_word' id='word_1_268' title='bbox 939 3959 973 4016; x_wconf 89' lang='lat'>79</span> <span class='ocrx_word' id='word_1_269' title='bbox 985 3964 1022 4002; x_wconf 92' lang='lat' dir='ltr'>on</span> <span class='ocrx_word' id='word_1_270' title='bbox 1035 3948 1109 4018; x_wconf 86' lang='lat' dir='ltr'>Aph.</span> <span class='ocrx_word' id='word_1_271' title='bbox 1122 3949 1164 4016; x_wconf 87' lang='lat'>98.</span> 
     </span>
    </p>

    <p class='ocr_par' dir='ltr' id='par_1_10' title="bbox 210 4029 1360 4353">
     <span class='ocr_line' id='line_1_34' title="bbox 247 4029 1360 4090; baseline 0 -6"><span class='ocrx_word' id='word_1_272' title='bbox 247 4029 268 4063; x_wconf 77' lang='lat'>³⁶</span> <span class='ocrx_word' id='word_1_273' title='bbox 286 4031 357 4090; x_wconf 87' lang='lat' dir='ltr'>This</span> <span class='ocrx_word' id='word_1_274' title='bbox 370 4030 491 4085; x_wconf 88' lang='lat' dir='ltr'>‘candid</span> <span class='ocrx_word' id='word_1_275' title='bbox 503 4029 661 4086; x_wconf 80' lang='lat' dir='ltr'>confession</span> <span class='ocrx_word' id='word_1_276' title='bbox 672 4032 679 4059; x_wconf 89' lang='lat'>&#39;</span> <span class='ocrx_word' id='word_1_277' title='bbox 690 4032 722 4086; x_wconf 90' lang='lat' dir='ltr'>of</span> <span class='ocrx_word' id='word_1_278' title='bbox 736 4031 832 4086; x_wconf 89' lang='lat' dir='ltr'>Bacon</span> <span class='ocrx_word' id='word_1_279' title='bbox 846 4031 946 4086; x_wconf 89' lang='lat' dir='ltr'>should</span> <span class='ocrx_word' id='word_1_280' title='bbox 966 4031 1001 4086; x_wconf 85' lang='lat' dir='ltr'>be</span> <span class='ocrx_word' id='word_1_281' title='bbox 1013 4031 1098 4085; x_wconf 84' lang='lat' dir='ltr'>taken</span> <span class='ocrx_word' id='word_1_282' title='bbox 1111 4030 1139 4084; x_wconf 93' lang='lat' dir='ltr'>in</span> <span class='ocrx_word' id='word_1_283' title='bbox 1158 4047 1259 4087; x_wconf 85' lang='lat' dir='ltr'>excuse</span> <span class='ocrx_word' id='word_1_284' title='bbox 1272 4032 1303 4086; x_wconf 92' lang='lat' dir='ltr'>of</span> <span class='ocrx_word' id='word_1_285' title='bbox 1312 4031 1360 4085; x_wconf 89' lang='lat' dir='ltr'>the</span> 
     </span>
     <span class='ocr_line' id='line_1_35' title="bbox 211 4113 1360 4185; baseline -0.003 -15"><span class='ocrx_word' id='word_1_286' title='bbox 211 4131 298 4185; x_wconf 86' lang='lat' dir='ltr'>many</span> <span class='ocrx_word' id='word_1_287' title='bbox 320 4113 524 4184; x_wconf 82' lang='lat' dir='ltr'>shortcomings</span> <span class='ocrx_word' id='word_1_288' title='bbox 544 4114 575 4168; x_wconf 88' lang='lat' dir='ltr'>of</span> <span class='ocrx_word' id='word_1_289' title='bbox 595 4113 644 4169; x_wconf 88' lang='lat' dir='ltr'>the</span> <span class='ocrx_word' id='word_1_290' title='bbox 665 4124 728 4185; x_wconf 89' lang='lat' dir='ltr'>part</span> <span class='ocrx_word' id='word_1_291' title='bbox 753 4115 785 4170; x_wconf 92' lang='lat' dir='ltr'>of</span> <span class='ocrx_word' id='word_1_292' title='bbox 800 4114 845 4170; x_wconf 90' lang='lat' dir='ltr'>his</span> <span class='ocrx_word' id='word_1_293' title='bbox 868 4113 943 4169; x_wconf 86' lang='lat' dir='ltr'>work</span> <span class='ocrx_word' id='word_1_294' title='bbox 964 4114 1030 4169; x_wconf 86' lang='lat' dir='ltr'>here</span> <span class='ocrx_word' id='word_1_295' title='bbox 1055 4113 1174 4169; x_wconf 85' lang='lat' dir='ltr'>referred</span> <span class='ocrx_word' id='word_1_296' title='bbox 1195 4124 1234 4181; x_wconf 89' lang='lat' dir='ltr'>to,</span> <span class='ocrx_word' id='word_1_297' title='bbox 1253 4113 1309 4168; x_wconf 84' lang='lat' dir='ltr'>and</span> <span class='ocrx_word' id='word_1_298' title='bbox 1331 4113 1360 4167; x_wconf 93' lang='lat' dir='ltr'>in</span> 
     </span>
     <span class='ocr_line' id='line_1_36' title="bbox 211 4196 1359 4269; baseline -0.003 -15"><span class='ocrx_word' id='word_1_299' title='bbox 211 4197 389 4269; x_wconf 88' lang='lat' dir='ltr'>deprecation</span> <span class='ocrx_word' id='word_1_300' title='bbox 401 4197 433 4252; x_wconf 91' lang='lat' dir='ltr'>of</span> <span class='ocrx_word' id='word_1_301' title='bbox 446 4198 494 4254; x_wconf 90' lang='lat' dir='ltr'>the</span> <span class='ocrx_word' id='word_1_302' title='bbox 506 4197 606 4254; x_wconf 89' lang='lat' dir='ltr'>hostile</span> <span class='ocrx_word' id='word_1_303' title='bbox 625 4197 773 4253; x_wconf 88' lang='lat' dir='ltr'>criticisms</span> <span class='ocrx_word' id='word_1_304' title='bbox 791 4198 822 4252; x_wconf 92' lang='lat' dir='ltr'>of</span> <span class='ocrx_word' id='word_1_305' title='bbox 832 4196 930 4266; x_wconf 87' lang='lat' dir='ltr'>Liebig</span> <span class='ocrx_word' id='word_1_306' title='bbox 947 4196 1005 4252; x_wconf 88' lang='lat' dir='ltr'>and</span> <span class='ocrx_word' id='word_1_307' title='bbox 1024 4197 1127 4252; x_wconf 86' lang='lat' dir='ltr'>others.</span> <span class='ocrx_word' id='word_1_308' title='bbox 1164 4199 1215 4267; x_wconf 86' lang='lat' dir='ltr'>Cp.</span> <span class='ocrx_word' id='word_1_309' title='bbox 1229 4197 1277 4252; x_wconf 91' lang='lat' dir='ltr'>the</span> <span class='ocrx_word' id='word_1_310' title='bbox 1295 4207 1359 4252; x_wconf 87' lang='lat' dir='ltr'>next</span> 
     </span>
     <span class='ocr_line' id='line_1_37' title="bbox 210 4281 769 4353; baseline -0.004 -16"><span class='ocrx_word' id='word_1_311' title='bbox 210 4282 372 4353; x_wconf 83' lang='lat' dir='ltr'>Aphorism,</span> <span class='ocrx_word' id='word_1_312' title='bbox 384 4281 441 4336; x_wconf 91' lang='lat' dir='ltr'>and</span> <span class='ocrx_word' id='word_1_313' title='bbox 454 4281 656 4349; x_wconf 87' lang='lat' dir='ltr'>Introduction,</span> <span class='ocrx_word' id='word_1_314' title='bbox 667 4298 695 4351; x_wconf 91' lang='lat' dir='ltr'>p.</span> <span class='ocrx_word' id='word_1_315' title='bbox 711 4295 769 4348; x_wconf 87' lang='lat'>144.</span> 
     </span>
    </p>

    <p class='ocr_par' dir='ltr' id='par_1_11' title="bbox 209 4362 1360 4603">
     <span class='ocr_line' id='line_1_38' title="bbox 244 4362 1360 4434; baseline 0 -15"><span class='ocrx_word' id='word_1_316' title='bbox 244 4363 266 4398; x_wconf 77' lang='lat'>⁸⁷</span> <span class='ocrx_word' id='word_1_317' title='bbox 286 4366 360 4420; x_wconf 91' lang='lat' dir='ltr'>That</span> <span class='ocrx_word' id='word_1_318' title='bbox 379 4363 411 4434; x_wconf 85' lang='lat' dir='ltr'>is,</span> <span class='ocrx_word' id='word_1_319' title='bbox 424 4365 472 4421; x_wconf 86' lang='lat' dir='ltr'>the</span> <span class='ocrx_word' id='word_1_320' title='bbox 491 4367 625 4434; x_wconf 87' lang='lat' dir='ltr'>‘regnum</span> <span class='ocrx_word' id='word_1_321' title='bbox 643 4363 783 4420; x_wconf 70' lang='lat' dir='ltr'>hominis!</span> <span class='ocrx_word' id='word_1_322' title='bbox 819 4365 874 4419; x_wconf 91' lang='lat' dir='ltr'>But</span> <span class='ocrx_word' id='word_1_323' title='bbox 893 4363 959 4418; x_wconf 90' lang='lat' dir='ltr'>then</span> <span class='ocrx_word' id='word_1_324' title='bbox 979 4362 1035 4419; x_wconf 87' lang='lat' dir='ltr'>this</span> <span class='ocrx_word' id='word_1_325' title='bbox 1053 4363 1160 4432; x_wconf 82' lang='lat' dir='ltr'>victory</span> <span class='ocrx_word' id='word_1_326' title='bbox 1177 4379 1245 4418; x_wconf 82' lang='lat' dir='ltr'>over</span> <span class='ocrx_word' id='word_1_327' title='bbox 1262 4373 1360 4419; x_wconf 87' lang='lat' dir='ltr'>nature</span> 
     </span>
     <span class='ocr_line' id='line_1_39' title="bbox 211 4445 1359 4519; baseline -0.003 -15"><span class='ocrx_word' id='word_1_328' title='bbox 211 4465 263 4504; x_wconf 90' lang='lat' dir='ltr'>can</span> <span class='ocrx_word' id='word_1_329' title='bbox 275 4450 342 4518; x_wconf 87' lang='lat' dir='ltr'>only</span> <span class='ocrx_word' id='word_1_330' title='bbox 353 4449 389 4503; x_wconf 86' lang='lat' dir='ltr'>be</span> <span class='ocrx_word' id='word_1_331' title='bbox 406 4447 539 4519; x_wconf 88' lang='lat' dir='ltr'>acquired</span> <span class='ocrx_word' id='word_1_332' title='bbox 551 4449 589 4517; x_wconf 95' lang='lat' dir='ltr'>by</span> <span class='ocrx_word' id='word_1_333' title='bbox 601 4447 710 4518; x_wconf 90' lang='lat' dir='ltr'>patient</span> <span class='ocrx_word' id='word_1_334' title='bbox 727 4447 906 4504; x_wconf 85' lang='lat' dir='ltr'>observation</span> <span class='ocrx_word' id='word_1_335' title='bbox 918 4447 950 4503; x_wconf 90' lang='lat' dir='ltr'>of</span> <span class='ocrx_word' id='word_1_336' title='bbox 958 4447 1010 4502; x_wconf 88' lang='lat' dir='ltr'>her</span> <span class='ocrx_word' id='word_1_337' title='bbox 1021 4463 1104 4517; x_wconf 83' lang='lat' dir='ltr'>ways.</span> <span class='ocrx_word' id='word_1_338' title='bbox 1141 4447 1267 4502; x_wconf 87' lang='lat' dir='ltr'>‘Natura</span> <span class='ocrx_word' id='word_1_339' title='bbox 1283 4445 1359 4502; x_wconf 87' lang='lat' dir='ltr'>enim</span> 
     </span>
     <span class='ocr_line' id='line_1_40' title="bbox 209 4529 624 4603; baseline -0.005 -15"><span class='ocrx_word' id='word_1_340' title='bbox 209 4549 269 4596; x_wconf 82' lang='lat' dir='ltr'>uon</span> <span class='ocrx_word' id='word_1_341' title='bbox 282 4531 336 4587; x_wconf 89' lang='lat' dir='ltr'>nisi</span> <span class='ocrx_word' id='word_1_342' title='bbox 348 4531 474 4603; x_wconf 88' lang='lat' dir='ltr'>parendo</span> <span class='ocrx_word' id='word_1_343' title='bbox 486 4529 624 4587; x_wconf 64' lang='lat' dir='ltr'>vincitur!</span> 
     </span>
    </p>
   </div>
   <div class='ocr_carea' id='block_1_9' title="bbox 771 4633 796 4683">
    <p class='ocr_par' dir='ltr' id='par_1_12' title="bbox 771 4633 796 4683">
     <span class='ocr_line' id='line_1_41' title="bbox 771 4633 796 4683; baseline 0 0"><span class='ocrx_word' id='word_1_344' title='bbox 771 4633 796 4683; x_wconf 91' lang='lat' dir='ltr'>Y</span> 
     </span>
    </p>
   </div>
   <div class='ocr_carea' id='block_1_10' title="bbox 0 0 1684 5152">
    <p class='ocr_par' dir='ltr' id='par_1_13' title="bbox 0 0 1684 5152">
     <span class='ocr_line' id='line_1_42' title="bbox 0 0 1684 5152; baseline 0 0"><span class='ocrx_word' id='word_1_345' title='bbox 0 0 1684 5152; x_wconf 95' lang='lat' dir='ltr'> </span> 
     </span>
    </p>
   </div>
  </div>
 </body>
</html>
