<?xml version="1.0" encoding="UTF-8"?>
<!DOCTYPE html PUBLIC "-//W3C//DTD XHTML 1.0 Transitional//EN"
    "http://www.w3.org/TR/xhtml1/DTD/xhtml1-transitional.dtd">
<html xmlns="http://www.w3.org/1999/xhtml" xml:lang="en" lang="en">
 <head>
  <title>
</title>
<meta http-equiv="Content-Type" content="text/html;charset=utf-8" />
  <meta name='ocr-system' content='tesseract 3.04.00' />
  <meta name='ocr-capabilities' content='ocr_page ocr_carea ocr_par ocr_line ocrx_word'/>
</head>
<body>
  <div class='ocr_page' id='page_1' title='image "./baconsnovumorga00bacogoog/baconsnovumorga00bacogoog_0611.png"; bbox 0 0 3250 5138; ppageno 0'>
   <div class='ocr_carea' id='block_1_1' title="bbox 425 405 1198 488">
    <p class='ocr_par' dir='ltr' id='par_1_1' title="bbox 425 405 1198 488">
     <span class='ocr_line' id='line_1_1' title="bbox 425 405 1198 488; baseline -0.01 -18"><span class='ocrx_word' id='word_1_1' title='bbox 425 405 490 488; x_wconf 80' lang='lat'>582</span> <span class='ocrx_word' id='word_1_2' title='bbox 803 405 1198 468; x_wconf 72' lang='lat' dir='ltr'>novurrononnurr.</span> 
     </span>
    </p>
   </div>
   <div class='ocr_carea' id='block_1_2' title="bbox 423 569 1472 2520">
    <p class='ocr_par' dir='ltr' id='par_1_2' title="bbox 427 569 1443 654">
     <span class='ocr_line' id='line_1_2' title="bbox 427 569 1443 654; baseline -0.008 -13"><span class='ocrx_word' id='word_1_3' title='bbox 427 577 505 642; x_wconf 88' lang='lat' dir='ltr'>mini</span> <span class='ocrx_word' id='word_1_4' title='bbox 531 577 664 641; x_wconf 83' lang='lat' dir='ltr'>abunde</span> <span class='ocrx_word' id='word_1_5' title='bbox 685 573 799 649; x_wconf 81' lang='lat' dir='ltr'>adest3</span> <span class='ocrx_word' id='word_1_6' title='bbox 825 571 1013 638; x_wconf 85' lang='lat' dir='ltr'>observatio</span> <span class='ocrx_word' id='word_1_7' title='bbox 1033 581 1144 636; x_wconf 88' lang='lat' dir='ltr'>autem</span> <span class='ocrx_word' id='word_1_8' title='bbox 1166 579 1199 635; x_wconf 90' lang='lat' dir='ltr'>et</span> <span class='ocrx_word' id='word_1_9' title='bbox 1219 569 1443 654; x_wconf 77' lang='lat' dir='ltr'>inquisitio</span> 
     </span>
    </p>

    <p class='ocr_par' dir='ltr' id='par_1_3' title="bbox 424 676 1472 1484">
     <span class='ocr_line' id='line_1_3' title="bbox 426 676 1472 762; baseline -0.006 -19"><span class='ocrx_word' id='word_1_10' title='bbox 426 679 601 754; x_wconf 88' lang='lat' dir='ltr'>nonnullis,</span> <span class='ocrx_word' id='word_1_11' title='bbox 620 679 723 762; x_wconf 86' lang='lat' dir='ltr'>iisque</span> <span class='ocrx_word' id='word_1_12' title='bbox 746 677 894 742; x_wconf 83' lang='lat' dir='ltr'>maxime</span> <span class='ocrx_word' id='word_1_13' title='bbox 916 676 1114 751; x_wconf 82' lang='lat' dir='ltr'>necessariis,</span> <span class='ocrx_word' id='word_1_14' title='bbox 1132 685 1316 757; x_wconf 88' lang='lat' dir='ltr'>utcunque</span> <span class='ocrx_word' id='word_1_15' title='bbox 1344 696 1472 758; x_wconf 64' lang='lat' dir='ltr'>spagj</span> 
     </span>
     <span class='ocr_line' id='line_1_4' title="bbox 424 779 1471 864; baseline -0.006 -18"><span class='ocrx_word' id='word_1_16' title='bbox 424 783 606 848; x_wconf 82' lang='lat' dir='ltr'>venditent.</span> <span class='ocrx_word' id='word_1_17' title='bbox 653 781 789 846; x_wconf 84' lang='lat' dir='ltr'>Etenim</span> <span class='ocrx_word' id='word_1_18' title='bbox 809 779 927 846; x_wconf 74' lang='lat' dir='ltr'>mloris</span> <span class='ocrx_word' id='word_1_19' title='bbox 946 779 1131 844; x_wconf 87' lang='lat' dir='ltr'>intensioris</span> <span class='ocrx_word' id='word_1_20' title='bbox 1153 779 1295 864; x_wconf 84' lang='lat' dir='ltr'>opificia</span> <span class='ocrx_word' id='word_1_21' title='bbox 1322 781 1471 862; x_wconf 77' lang='lat' dir='ltr'>exquir</span> 
     </span>
     <span class='ocr_line' id='line_1_5' title="bbox 424 884 1470 971; baseline -0.009 -17"><span class='ocrx_word' id='word_1_22' title='bbox 424 887 690 971; x_wconf 79' lang='lat' dir='ltr'>conspiciuntur3</span> <span class='ocrx_word' id='word_1_23' title='bbox 715 884 908 950; x_wconf 80' lang='lat' dir='ltr'>remissioris</span> <span class='ocrx_word' id='word_1_24' title='bbox 921 903 1009 962; x_wconf 82' lang='lat' dir='ltr'>vero,</span> <span class='ocrx_word' id='word_1_25' title='bbox 1025 903 1112 965; x_wconf 91' lang='lat' dir='ltr'>quae</span> <span class='ocrx_word' id='word_1_26' title='bbox 1131 884 1286 948; x_wconf 87' lang='lat' dir='ltr'>maxime</span> <span class='ocrx_word' id='word_1_27' title='bbox 1311 884 1353 946; x_wconf 91' lang='lat' dir='ltr'>in</span> <span class='ocrx_word' id='word_1_28' title='bbox 1379 885 1470 946; x_wconf 88' lang='lat' dir='ltr'>vias</span> 
     </span>
     <span class='ocr_line' id='line_1_6' title="bbox 424 987 1471 1070; baseline -0.006 -16"><span class='ocrx_word' id='word_1_29' title='bbox 424 991 582 1068; x_wconf 85' lang='lat' dir='ltr'>incidunt,</span> <span class='ocrx_word' id='word_1_30' title='bbox 601 1009 667 1054; x_wconf 90' lang='lat' dir='ltr'>non</span> <span class='ocrx_word' id='word_1_31' title='bbox 688 997 867 1064; x_wconf 81' lang='lat' dir='ltr'>tentantur,</span> <span class='ocrx_word' id='word_1_32' title='bbox 887 987 1028 1070; x_wconf 89' lang='lat' dir='ltr'>ideoque</span> <span class='ocrx_word' id='word_1_33' title='bbox 1049 987 1162 1052; x_wconf 89' lang='lat' dir='ltr'>latent.</span> <span class='ocrx_word' id='word_1_34' title='bbox 1209 987 1351 1070; x_wconf 89' lang='lat' dir='ltr'>Itaque</span> <span class='ocrx_word' id='word_1_35' title='bbox 1374 987 1471 1049; x_wconf 86' lang='lat' dir='ltr'>vide</span> 
     </span>
     <span class='ocr_line' id='line_1_7' title="bbox 425 1085 1455 1172; baseline -0.003 -20"><span class='ocrx_word' id='word_1_36' title='bbox 425 1085 618 1154; x_wconf 78' lang='lat' dir='ltr'>vulcanos²⁸</span> <span class='ocrx_word' id='word_1_37' title='bbox 634 1089 716 1153; x_wconf 86' lang='lat' dir='ltr'>istos</span> <span class='ocrx_word' id='word_1_38' title='bbox 730 1088 787 1170; x_wconf 85' lang='lat' dir='ltr'>qui</span> <span class='ocrx_word' id='word_1_39' title='bbox 808 1087 841 1151; x_wconf 93' lang='lat' dir='ltr'>in</span> <span class='ocrx_word' id='word_1_40' title='bbox 861 1087 968 1172; x_wconf 85' lang='lat' dir='ltr'>pretio</span> <span class='ocrx_word' id='word_1_41' title='bbox 986 1095 1071 1162; x_wconf 88' lang='lat' dir='ltr'>sunt,</span> <span class='ocrx_word' id='word_1_42' title='bbox 1086 1088 1219 1172; x_wconf 87' lang='lat' dir='ltr'>spiritus</span> <span class='ocrx_word' id='word_1_43' title='bbox 1240 1107 1455 1170; x_wconf 87' lang='lat' dir='ltr'>corporum</span> 
     </span>
     <span class='ocr_line' id='line_1_8' title="bbox 426 1190 1471 1278; baseline -0.007 -20"><span class='ocrx_word' id='word_1_44' title='bbox 426 1213 504 1278; x_wconf 88' lang='lat' dir='ltr'>pere</span> <span class='ocrx_word' id='word_1_45' title='bbox 533 1192 685 1268; x_wconf 85' lang='lat' dir='ltr'>exaltari,</span> <span class='ocrx_word' id='word_1_46' title='bbox 712 1201 750 1256; x_wconf 91' lang='lat' dir='ltr'>ut</span> <span class='ocrx_word' id='word_1_47' title='bbox 781 1191 812 1255; x_wconf 89' lang='lat' dir='ltr'>in</span> <span class='ocrx_word' id='word_1_48' title='bbox 843 1191 939 1274; x_wconf 91' lang='lat' dir='ltr'>aquis</span> <span class='ocrx_word' id='word_1_49' title='bbox 969 1190 1116 1270; x_wconf 83' lang='lat' dir='ltr'>sortibus,</span> <span class='ocrx_word' id='word_1_50' title='bbox 1142 1201 1176 1255; x_wconf 92' lang='lat' dir='ltr'>et</span> <span class='ocrx_word' id='word_1_51' title='bbox 1201 1190 1395 1254; x_wconf 90' lang='lat' dir='ltr'>nonnullis</span> <span class='ocrx_word' id='word_1_52' title='bbox 1426 1192 1471 1253; x_wconf 86' lang='lat' dir='ltr'>al</span> 
     </span>
     <span class='ocr_line' id='line_1_9' title="bbox 424 1295 1471 1381; baseline -0.007 -19"><span class='ocrx_word' id='word_1_53' title='bbox 424 1296 606 1381; x_wconf 80' lang='lat' dir='ltr'>chymicis3</span> <span class='ocrx_word' id='word_1_54' title='bbox 636 1307 747 1381; x_wconf 86' lang='lat' dir='ltr'>partes</span> <span class='ocrx_word' id='word_1_55' title='bbox 768 1295 947 1379; x_wconf 82' lang='lat' dir='ltr'>tangibiles</span> <span class='ocrx_word' id='word_1_56' title='bbox 971 1295 1124 1374; x_wconf 88' lang='lat' dir='ltr'>indurari,</span> <span class='ocrx_word' id='word_1_57' title='bbox 1147 1305 1191 1370; x_wconf 87' lang='lat' dir='ltr'>et,</span> <span class='ocrx_word' id='word_1_58' title='bbox 1215 1296 1354 1360; x_wconf 89' lang='lat' dir='ltr'>emisso</span> <span class='ocrx_word' id='word_1_59' title='bbox 1382 1295 1471 1358; x_wconf 89' lang='lat' dir='ltr'>vola</span> 
     </span>
     <span class='ocr_line' id='line_1_10' title="bbox 424 1398 1437 1484; baseline -0.005 -19"><span class='ocrx_word' id='word_1_60' title='bbox 424 1403 560 1484; x_wconf 90' lang='lat' dir='ltr'>quando</span> <span class='ocrx_word' id='word_1_61' title='bbox 593 1399 669 1484; x_wconf 83' lang='lat' dir='ltr'>figi;</span> <span class='ocrx_word' id='word_1_62' title='bbox 707 1409 818 1484; x_wconf 85' lang='lat' dir='ltr'>partes</span> <span class='ocrx_word' id='word_1_63' title='bbox 850 1399 1075 1482; x_wconf 84' lang='lat' dir='ltr'>homogeneas</span> <span class='ocrx_word' id='word_1_64' title='bbox 1107 1398 1273 1483; x_wconf 82' lang='lat' dir='ltr'>separari3</span> <span class='ocrx_word' id='word_1_65' title='bbox 1319 1399 1437 1462; x_wconf 90' lang='lat' dir='ltr'>etiam</span> 
     </span>
    </p>

    <p class='ocr_par' dir='ltr' id='par_1_4' title="bbox 423 1501 1472 2520">
     <span class='ocr_line' id='line_1_11' title="bbox 425 1501 1472 1588; baseline -0.008 -18"><span class='ocrx_word' id='word_1_66' title='bbox 425 1505 644 1588; x_wconf 85' lang='lat' dir='ltr'>heterogenea</span> <span class='ocrx_word' id='word_1_67' title='bbox 661 1523 775 1588; x_wconf 84' lang='lat' dir='ltr'>grosso</span> <span class='ocrx_word' id='word_1_68' title='bbox 796 1504 898 1567; x_wconf 89' lang='lat' dir='ltr'>modo</span> <span class='ocrx_word' id='word_1_69' title='bbox 919 1502 1117 1586; x_wconf 90' lang='lat' dir='ltr'>incorporari</span> <span class='ocrx_word' id='word_1_70' title='bbox 1132 1515 1168 1568; x_wconf 91' lang='lat' dir='ltr'>et</span> <span class='ocrx_word' id='word_1_71' title='bbox 1182 1501 1407 1567; x_wconf 89' lang='lat' dir='ltr'>commisceri</span> <span class='ocrx_word' id='word_1_72' title='bbox 1422 1525 1431 1576; x_wconf 90' lang='lat'><strong>;</strong></span> <span class='ocrx_word' id='word_1_73' title='bbox 1459 1523 1472 1562; x_wconf 87' lang='lat' dir='ltr'>r</span> 
     </span>
     <span class='ocr_line' id='line_1_12' title="bbox 424 1607 1472 1692; baseline -0.004 -20"><span class='ocrx_word' id='word_1_74' title='bbox 424 1617 537 1672; x_wconf 91' lang='lat' dir='ltr'>autem</span> <span class='ocrx_word' id='word_1_75' title='bbox 555 1629 734 1692; x_wconf 82' lang='lat' dir='ltr'>compages</span> <span class='ocrx_word' id='word_1_76' title='bbox 756 1626 933 1690; x_wconf 87' lang='lat' dir='ltr'>corporum</span> <span class='ocrx_word' id='word_1_77' title='bbox 952 1608 1211 1690; x_wconf 85' lang='lat' dir='ltr'>compositorum</span> <span class='ocrx_word' id='word_1_78' title='bbox 1227 1617 1263 1670; x_wconf 90' lang='lat' dir='ltr'>et</span> <span class='ocrx_word' id='word_1_79' title='bbox 1282 1607 1472 1670; x_wconf 86' lang='lat' dir='ltr'>subtiliore</span> 
     </span>
     <span class='ocr_line' id='line_1_13' title="bbox 424 1711 1472 1777; baseline -0.003 0"><span class='ocrx_word' id='word_1_80' title='bbox 424 1713 595 1777; x_wconf 89' lang='lat' dir='ltr'>matismos</span> <span class='ocrx_word' id='word_1_81' title='bbox 626 1711 751 1777; x_wconf 88' lang='lat' dir='ltr'>destrui</span> <span class='ocrx_word' id='word_1_82' title='bbox 783 1721 817 1774; x_wconf 93' lang='lat' dir='ltr'>et</span> <span class='ocrx_word' id='word_1_83' title='bbox 848 1711 1014 1776; x_wconf 81' lang='lat' dir='ltr'>confundi.</span> <span class='ocrx_word' id='word_1_84' title='bbox 1071 1711 1266 1774; x_wconf 80' lang='lat' dir='ltr'>Debuerant</span> <span class='ocrx_word' id='word_1_85' title='bbox 1304 1722 1429 1775; x_wconf 89' lang='lat' dir='ltr'>autem</span> <span class='ocrx_word' id='word_1_86' title='bbox 1470 1741 1472 1764; x_wconf 78' lang='grc' dir='ltr'>ι</span> 
     </span>
     <span class='ocr_line' id='line_1_14' title="bbox 424 1814 1472 1898; baseline -0.004 -19"><span class='ocrx_word' id='word_1_87' title='bbox 424 1816 541 1880; x_wconf 86' lang='lat' dir='ltr'>caloris</span> <span class='ocrx_word' id='word_1_88' title='bbox 565 1816 698 1880; x_wconf 90' lang='lat' dir='ltr'>lenioris</span> <span class='ocrx_word' id='word_1_89' title='bbox 718 1815 838 1879; x_wconf 89' lang='lat' dir='ltr'>tentari</span> <span class='ocrx_word' id='word_1_90' title='bbox 862 1823 896 1880; x_wconf 92' lang='lat' dir='ltr'>et</span> <span class='ocrx_word' id='word_1_91' title='bbox 918 1815 1065 1898; x_wconf 88' lang='lat' dir='ltr'>exquiri:</span> <span class='ocrx_word' id='word_1_92' title='bbox 1097 1817 1186 1880; x_wconf 92' lang='lat' dir='ltr'>unde</span> <span class='ocrx_word' id='word_1_93' title='bbox 1211 1814 1412 1879; x_wconf 89' lang='lat' dir='ltr'>subtiliores</span> <span class='ocrx_word' id='word_1_94' title='bbox 1440 1835 1472 1875; x_wconf 93' lang='lat' dir='ltr'>m</span> 
     </span>
     <span class='ocr_line' id='line_1_15' title="bbox 425 1919 1472 2003; baseline -0.005 -19"><span class='ocrx_word' id='word_1_95' title='bbox 425 1929 459 1984; x_wconf 92' lang='lat' dir='ltr'>et</span> <span class='ocrx_word' id='word_1_96' title='bbox 474 1919 697 1984; x_wconf 88' lang='lat' dir='ltr'>schematismi</span> <span class='ocrx_word' id='word_1_97' title='bbox 718 1919 863 1983; x_wconf 90' lang='lat' dir='ltr'>ordinati</span> <span class='ocrx_word' id='word_1_98' title='bbox 882 1919 974 2003; x_wconf 87' lang='lat' dir='ltr'>gigni</span> <span class='ocrx_word' id='word_1_99' title='bbox 995 1919 1122 2002; x_wconf 88' lang='lat' dir='ltr'>possint</span> <span class='ocrx_word' id='word_1_100' title='bbox 1143 1929 1178 1983; x_wconf 87' lang='lat' dir='ltr'>et</span> <span class='ocrx_word' id='word_1_101' title='bbox 1197 1920 1308 1992; x_wconf 87' lang='lat' dir='ltr'>educi,</span> <span class='ocrx_word' id='word_1_102' title='bbox 1324 1919 1370 1982; x_wconf 90' lang='lat' dir='ltr'>ad</span> <span class='ocrx_word' id='word_1_103' title='bbox 1393 1939 1472 1981; x_wconf 84' lang='lat' dir='ltr'>exer</span> 
     </span>
     <span class='ocr_line' id='line_1_16' title="bbox 425 2021 1467 2106; baseline -0.003 -20"><span class='ocrx_word' id='word_1_104' title='bbox 425 2033 561 2086; x_wconf 87' lang='lat' dir='ltr'>naturae</span> <span class='ocrx_word' id='word_1_105' title='bbox 576 2033 610 2088; x_wconf 91' lang='lat' dir='ltr'>et</span> <span class='ocrx_word' id='word_1_106' title='bbox 623 2023 844 2087; x_wconf 90' lang='lat' dir='ltr'>imitationem</span> <span class='ocrx_word' id='word_1_107' title='bbox 860 2042 998 2106; x_wconf 86' lang='lat' dir='ltr'>operum</span> <span class='ocrx_word' id='word_1_108' title='bbox 1012 2023 1109 2100; x_wconf 87' lang='lat' dir='ltr'>solis;</span> <span class='ocrx_word' id='word_1_109' title='bbox 1128 2021 1418 2105; x_wconf 89' lang='lat' dir='ltr'>quemadmodum</span> <span class='ocrx_word' id='word_1_110' title='bbox 1435 2021 1467 2083; x_wconf 88' lang='lat' dir='ltr'>in</span> 
     </span>
     <span class='ocr_line' id='line_1_17' title="bbox 425 2123 1454 2208; baseline -0.003 -18"><span class='ocrx_word' id='word_1_111' title='bbox 425 2126 525 2190; x_wconf 86' lang='lat' dir='ltr'>rismo</span> <span class='ocrx_word' id='word_1_112' title='bbox 547 2127 590 2192; x_wconf 90' lang='lat' dir='ltr'>de</span> <span class='ocrx_word' id='word_1_113' title='bbox 613 2126 777 2192; x_wconf 88' lang='lat' dir='ltr'>instantiis</span> <span class='ocrx_word' id='word_1_114' title='bbox 791 2123 972 2208; x_wconf 63' lang='lat' dir='ltr'>secde-ris2⁸</span> <span class='ocrx_word' id='word_1_115' title='bbox 987 2128 1153 2208; x_wconf 90' lang='lat' dir='ltr'>quaedam</span> <span class='ocrx_word' id='word_1_116' title='bbox 1169 2126 1454 2190; x_wconf 90' lang='lat' dir='ltr'>adumbravimus.</span> 
     </span>
     <span class='ocr_line' id='line_1_18' title="bbox 424 2229 1472 2314; baseline -0.002 -22"><span class='ocrx_word' id='word_1_117' title='bbox 424 2229 497 2294; x_wconf 86' lang='lat' dir='ltr'>ficia</span> <span class='ocrx_word' id='word_1_118' title='bbox 519 2231 606 2293; x_wconf 92' lang='lat' dir='ltr'>enim</span> <span class='ocrx_word' id='word_1_119' title='bbox 629 2239 765 2294; x_wconf 88' lang='lat' dir='ltr'>naturae</span> <span class='ocrx_word' id='word_1_120' title='bbox 786 2229 1011 2312; x_wconf 87' lang='lat' dir='ltr'>transiguntur</span> <span class='ocrx_word' id='word_1_121' title='bbox 1034 2250 1092 2314; x_wconf 90' lang='lat' dir='ltr'>per</span> <span class='ocrx_word' id='word_1_122' title='bbox 1110 2229 1209 2312; x_wconf 88' lang='lat' dir='ltr'>longe</span> <span class='ocrx_word' id='word_1_123' title='bbox 1231 2231 1378 2292; x_wconf 88' lang='lat' dir='ltr'>minores</span> <span class='ocrx_word' id='word_1_124' title='bbox 1401 2237 1472 2311; x_wconf 79' lang='lat' dir='ltr'>port</span> 
     </span>
     <span class='ocr_line' id='line_1_19' title="bbox 423 2331 1460 2416; baseline -0.002 -20"><span class='ocrx_word' id='word_1_125' title='bbox 423 2343 456 2396; x_wconf 90' lang='lat' dir='ltr'>et</span> <span class='ocrx_word' id='word_1_126' title='bbox 480 2333 644 2416; x_wconf 86' lang='lat' dir='ltr'>posituras</span> <span class='ocrx_word' id='word_1_127' title='bbox 670 2333 775 2415; x_wconf 87' lang='lat' dir='ltr'>magis</span> <span class='ocrx_word' id='word_1_128' title='bbox 801 2333 985 2414; x_wconf 88' lang='lat' dir='ltr'>exquisitas</span> <span class='ocrx_word' id='word_1_129' title='bbox 1011 2342 1045 2396; x_wconf 90' lang='lat' dir='ltr'>et</span> <span class='ocrx_word' id='word_1_130' title='bbox 1068 2333 1182 2410; x_wconf 90' lang='lat' dir='ltr'>varias,</span> <span class='ocrx_word' id='word_1_131' title='bbox 1203 2352 1304 2416; x_wconf 92' lang='lat' dir='ltr'>quam</span> <span class='ocrx_word' id='word_1_132' title='bbox 1328 2331 1460 2414; x_wconf 86' lang='lat' dir='ltr'>opificia</span> 
     </span>
     <span class='ocr_line' id='line_1_20' title="bbox 425 2434 1472 2520; baseline -0.001 -21"><span class='ocrx_word' id='word_1_133' title='bbox 425 2446 524 2520; x_wconf 88' lang='lat' dir='ltr'>prout</span> <span class='ocrx_word' id='word_1_134' title='bbox 557 2457 643 2500; x_wconf 91' lang='lat' dir='ltr'>nunc</span> <span class='ocrx_word' id='word_1_135' title='bbox 677 2436 863 2500; x_wconf 89' lang='lat' dir='ltr'>adhibetur.</span> <span class='ocrx_word' id='word_1_136' title='bbox 918 2435 1005 2500; x_wconf 90' lang='lat' dir='ltr'>Tum</span> <span class='ocrx_word' id='word_1_137' title='bbox 1036 2457 1115 2500; x_wconf 91' lang='lat' dir='ltr'>vero</span> <span class='ocrx_word' id='word_1_138' title='bbox 1142 2437 1292 2498; x_wconf 88' lang='lat' dir='ltr'>videatur</span> <span class='ocrx_word' id='word_1_139' title='bbox 1325 2434 1426 2498; x_wconf 90' lang='lat' dir='ltr'>homo</span> <span class='ocrx_word' id='word_1_140' title='bbox 1462 2457 1472 2498; x_wconf 84' lang='lat' dir='ltr'>r</span> 
     </span>
    </p>
   </div>
   <div class='ocr_carea' id='block_1_3' title="bbox 424 2537 1471 3040">
    <p class='ocr_par' dir='ltr' id='par_1_5' title="bbox 424 2537 1471 2830">
     <span class='ocr_line' id='line_1_21' title="bbox 424 2537 1471 2623; baseline -0.002 -19"><span class='ocrx_word' id='word_1_141' title='bbox 424 2550 539 2604; x_wconf 89' lang='lat' dir='ltr'>auctus</span> <span class='ocrx_word' id='word_1_142' title='bbox 555 2549 722 2623; x_wconf 88' lang='lat' dir='ltr'>potestate</span> <span class='ocrx_word' id='word_1_143' title='bbox 731 2537 768 2614; x_wconf 72' lang='lat'>¹⁷,</span> <span class='ocrx_word' id='word_1_144' title='bbox 784 2541 811 2603; x_wconf 89' lang='lat' dir='ltr'>si</span> <span class='ocrx_word' id='word_1_145' title='bbox 827 2559 885 2622; x_wconf 89' lang='lat' dir='ltr'>per</span> <span class='ocrx_word' id='word_1_146' title='bbox 900 2541 1025 2605; x_wconf 89' lang='lat' dir='ltr'>calores</span> <span class='ocrx_word' id='word_1_147' title='bbox 1044 2549 1078 2604; x_wconf 91' lang='lat' dir='ltr'>et</span> <span class='ocrx_word' id='word_1_148' title='bbox 1095 2539 1260 2623; x_wconf 88' lang='lat' dir='ltr'>potentias</span> <span class='ocrx_word' id='word_1_149' title='bbox 1275 2537 1454 2604; x_wconf 85' lang='lat' dir='ltr'>artificiales</span> <span class='ocrx_word' id='word_1_150' title='bbox 1470 2573 1471 2590; x_wconf 36' lang='grc' dir='ltr'><strong>κ</strong></span> 
     </span>
     <span class='ocr_line' id='line_1_22' title="bbox 425 2640 1471 2726; baseline 0 -20"><span class='ocrx_word' id='word_1_151' title='bbox 425 2655 561 2708; x_wconf 90' lang='lat' dir='ltr'>naturae</span> <span class='ocrx_word' id='word_1_152' title='bbox 593 2645 721 2726; x_wconf 89' lang='lat' dir='ltr'>possint</span> <span class='ocrx_word' id='word_1_153' title='bbox 753 2643 864 2725; x_wconf 89' lang='lat' dir='ltr'>specie</span> <span class='ocrx_word' id='word_1_154' title='bbox 896 2644 1141 2726; x_wconf 87' lang='lat' dir='ltr'>repraesentari,</span> <span class='ocrx_word' id='word_1_155' title='bbox 1171 2644 1292 2707; x_wconf 88' lang='lat' dir='ltr'>virtute</span> <span class='ocrx_word' id='word_1_156' title='bbox 1323 2640 1440 2726; x_wconf 87' lang='lat' dir='ltr'>perfici,</span> <span class='ocrx_word' id='word_1_157' title='bbox 1470 2677 1471 2696; x_wconf 39' lang='grc' dir='ltr'><strong>κ</strong></span> 
     </span>
     <span class='ocr_line' id='line_1_23' title="bbox 424 2747 1435 2830; baseline 0 -20"><span class='ocrx_word' id='word_1_158' title='bbox 424 2747 541 2810; x_wconf 87' lang='lat' dir='ltr'>variari</span> <span class='ocrx_word' id='word_1_159' title='bbox 554 2771 562 2822; x_wconf 79' lang='lat'>3</span> <span class='ocrx_word' id='word_1_160' title='bbox 580 2747 698 2830; x_wconf 87' lang='lat' dir='ltr'>quibus</span> <span class='ocrx_word' id='word_1_161' title='bbox 713 2747 836 2810; x_wconf 90' lang='lat' dir='ltr'>addere</span> <span class='ocrx_word' id='word_1_162' title='bbox 851 2757 980 2830; x_wconf 88' lang='lat' dir='ltr'>oportet</span> <span class='ocrx_word' id='word_1_163' title='bbox 996 2747 1264 2812; x_wconf 85' lang='lat' dir='ltr'>accelerationem</span> <span class='ocrx_word' id='word_1_164' title='bbox 1276 2748 1435 2829; x_wconf 89' lang='lat' dir='ltr'>temporis.</span> 
     </span>
    </p>

    <p class='ocr_par' dir='ltr' id='par_1_6' title="bbox 424 2850 1471 3040">
     <span class='ocr_line' id='line_1_24' title="bbox 424 2850 1471 2936; baseline 0 -22"><span class='ocrx_word' id='word_1_165' title='bbox 424 2852 543 2932; x_wconf 86' lang='lat' dir='ltr'>rubigo</span> <span class='ocrx_word' id='word_1_166' title='bbox 572 2851 645 2914; x_wconf 80' lang='lat' dir='ltr'>ferri</span> <span class='ocrx_word' id='word_1_167' title='bbox 676 2850 776 2932; x_wconf 87' lang='lat' dir='ltr'>longo</span> <span class='ocrx_word' id='word_1_168' title='bbox 805 2861 957 2932; x_wconf 92' lang='lat' dir='ltr'>tempore</span> <span class='ocrx_word' id='word_1_169' title='bbox 988 2853 1147 2936; x_wconf 89' lang='lat' dir='ltr'>procedit,</span> <span class='ocrx_word' id='word_1_170' title='bbox 1178 2861 1213 2916; x_wconf 90' lang='lat' dir='ltr'>at</span> <span class='ocrx_word' id='word_1_171' title='bbox 1241 2852 1342 2915; x_wconf 90' lang='lat' dir='ltr'>versio</span> <span class='ocrx_word' id='word_1_172' title='bbox 1369 2851 1399 2913; x_wconf 91' lang='lat' dir='ltr'>in</span> <span class='ocrx_word' id='word_1_173' title='bbox 1428 2871 1471 2914; x_wconf 84' lang='lat' dir='ltr'>crc</span> 
     </span>
     <span class='ocr_line' id='line_1_25' title="bbox 426 2953 1471 3040; baseline 0.001 -23"><span class='ocrx_word' id='word_1_174' title='bbox 426 2955 544 3020; x_wconf 88' lang='lat' dir='ltr'>Martis</span> <span class='ocrx_word' id='word_1_175' title='bbox 554 2953 579 2990; x_wconf 67' lang='lat'>²⁸</span> <span class='ocrx_word' id='word_1_176' title='bbox 595 2955 723 3031; x_wconf 88' lang='lat' dir='ltr'>subito;</span> <span class='ocrx_word' id='word_1_177' title='bbox 746 2965 780 3018; x_wconf 94' lang='lat' dir='ltr'>et</span> <span class='ocrx_word' id='word_1_178' title='bbox 795 2955 946 3018; x_wconf 90' lang='lat' dir='ltr'>similiter</span> <span class='ocrx_word' id='word_1_179' title='bbox 960 2957 1004 3021; x_wconf 90' lang='lat' dir='ltr'>de</span> <span class='ocrx_word' id='word_1_180' title='bbox 1020 2956 1173 3040; x_wconf 83' lang='lat' dir='ltr'>aemgine</span> <span class='ocrx_word' id='word_1_181' title='bbox 1192 2964 1226 3019; x_wconf 92' lang='lat' dir='ltr'>et</span> <span class='ocrx_word' id='word_1_182' title='bbox 1242 2975 1363 3020; x_wconf 89' lang='lat' dir='ltr'>cerussa</span> <span class='ocrx_word' id='word_1_183' title='bbox 1373 2953 1405 3016; x_wconf 75' lang='lat'>²⁹.</span> <span class='ocrx_word' id='word_1_184' title='bbox 1447 2953 1471 3018; x_wconf 92' lang='lat' dir='ltr'>C</span> 
     </span>
    </p>
   </div>
   <div class='ocr_carea' id='block_1_4' title="bbox 423 3223 1470 4542">
    <p class='ocr_par' dir='ltr' id='par_1_7' title="bbox 423 3223 1470 3712">
     <span class='ocr_line' id='line_1_26' title="bbox 459 3223 1470 3298; baseline 0.002 -19"><span class='ocrx_word' id='word_1_185' title='bbox 459 3223 482 3254; x_wconf 79' lang='lat'>²⁴</span> <span class='ocrx_word' id='word_1_186' title='bbox 499 3224 570 3279; x_wconf 88' lang='lat' dir='ltr'>This</span> <span class='ocrx_word' id='word_1_187' title='bbox 584 3226 660 3281; x_wconf 87' lang='lat' dir='ltr'>word</span> <span class='ocrx_word' id='word_1_188' title='bbox 678 3228 748 3283; x_wconf 88' lang='lat' dir='ltr'>does</span> <span class='ocrx_word' id='word_1_189' title='bbox 767 3238 816 3282; x_wconf 89' lang='lat' dir='ltr'>not</span> <span class='ocrx_word' id='word_1_190' title='bbox 833 3245 917 3282; x_wconf 91' lang='lat' dir='ltr'>occur</span> <span class='ocrx_word' id='word_1_191' title='bbox 936 3227 964 3282; x_wconf 89' lang='lat' dir='ltr'>in</span> <span class='ocrx_word' id='word_1_192' title='bbox 986 3229 1032 3284; x_wconf 93' lang='lat' dir='ltr'>Du</span> <span class='ocrx_word' id='word_1_193' title='bbox 1052 3229 1157 3298; x_wconf 79' lang='lat' dir='ltr'>Cange,</span> <span class='ocrx_word' id='word_1_194' title='bbox 1176 3230 1225 3284; x_wconf 89' lang='lat' dir='ltr'>but</span> <span class='ocrx_word' id='word_1_195' title='bbox 1245 3227 1270 3284; x_wconf 90' lang='lat' dir='ltr'>in</span> <span class='ocrx_word' id='word_1_196' title='bbox 1287 3228 1420 3298; x_wconf 80' lang='lat' dir='ltr'>calepinus</span> <span class='ocrx_word' id='word_1_197' title='bbox 1439 3230 1470 3282; x_wconf 80' lang='lat' dir='ltr'>ll</span> 
     </span>
     <span class='ocr_line' id='line_1_27' title="bbox 425 3310 1470 3383; baseline 0.006 -21"><span class='ocrx_word' id='word_1_198' title='bbox 425 3310 580 3379; x_wconf 62' lang='lat' dir='ltr'>‘spagims</span> <span class='ocrx_word' id='word_1_199' title='bbox 588 3310 821 3380; x_wconf 86' lang='lat' dir='ltr'>alchymista,qui‚</span> <span class='ocrx_word' id='word_1_200' title='bbox 830 3313 1078 3382; x_wconf 89' lang='lat' dir='ltr'>metallacoquens,</span> <span class='ocrx_word' id='word_1_201' title='bbox 1087 3329 1187 3383; x_wconf 91' lang='lat' dir='ltr'>purum</span> <span class='ocrx_word' id='word_1_202' title='bbox 1194 3312 1231 3366; x_wconf 88' lang='lat' dir='ltr'>ab</span> <span class='ocrx_word' id='word_1_203' title='bbox 1240 3311 1336 3382; x_wconf 83' lang='lat' dir='ltr'>impuro</span> <span class='ocrx_word' id='word_1_204' title='bbox 1342 3323 1445 3382; x_wconf 85' lang='lat' dir='ltr'>separat.</span> <span class='ocrx_word' id='word_1_205' title='bbox 1460 3315 1470 3368; x_wconf 90' lang='lat' dir='ltr'>l</span> 
     </span>
     <span class='ocr_line' id='line_1_28' title="bbox 423 3392 1470 3464; baseline 0.007 -21"><span class='ocrx_word' id='word_1_206' title='bbox 423 3393 591 3462; x_wconf 73' lang='lat' dir='ltr'>spagirr&#39;cus,</span> <span class='ocrx_word' id='word_1_207' title='bbox 602 3392 638 3445; x_wconf 86' lang='lat' dir='ltr'>nd</span> <span class='ocrx_word' id='word_1_208' title='bbox 649 3393 791 3462; x_wconf 83' lang='lat' dir='ltr'>spagirum</span> <span class='ocrx_word' id='word_1_209' title='bbox 800 3394 960 3464; x_wconf 66' lang='lat' dir='ltr'>pertinens!</span> <span class='ocrx_word' id='word_1_210' title='bbox 982 3397 1077 3452; x_wconf 84' lang='lat' dir='ltr'>These</span> <span class='ocrx_word' id='word_1_211' title='bbox 1086 3395 1143 3450; x_wconf 89' lang='lat' dir='ltr'>and</span> <span class='ocrx_word' id='word_1_212' title='bbox 1154 3395 1202 3450; x_wconf 90' lang='lat' dir='ltr'>the</span> <span class='ocrx_word' id='word_1_213' title='bbox 1212 3395 1288 3450; x_wconf 87' lang='lat' dir='ltr'>allied</span> <span class='ocrx_word' id='word_1_214' title='bbox 1297 3397 1375 3450; x_wconf 86' lang='lat' dir='ltr'>words</span> <span class='ocrx_word' id='word_1_215' title='bbox 1382 3413 1423 3450; x_wconf 88' lang='lat' dir='ltr'>are</span> <span class='ocrx_word' id='word_1_216' title='bbox 1430 3397 1457 3450; x_wconf 86' lang='lat' dir='ltr'>ol</span> <span class='ocrx_word' id='word_1_217' title='bbox 1463 3415 1470 3451; x_wconf 75' lang='lat' dir='ltr'>r</span> 
     </span>
     <span class='ocr_line' id='line_1_29' title="bbox 424 3475 1470 3546; baseline 0.006 -16"><span class='ocrx_word' id='word_1_218' title='bbox 424 3491 490 3530; x_wconf 89' lang='lat' dir='ltr'>mon</span> <span class='ocrx_word' id='word_1_219' title='bbox 504 3491 669 3530; x_wconf 82' lang='lat' dir='ltr'>occurrence</span> <span class='ocrx_word' id='word_1_220' title='bbox 683 3475 711 3528; x_wconf 91' lang='lat' dir='ltr'>in</span> <span class='ocrx_word' id='word_1_221' title='bbox 726 3478 897 3534; x_wconf 88' lang='lat' dir='ltr'>Paracelsus.</span> <span class='ocrx_word' id='word_1_222' title='bbox 935 3480 968 3533; x_wconf 94' lang='lat' dir='ltr'>ln</span> <span class='ocrx_word' id='word_1_223' title='bbox 981 3479 1030 3534; x_wconf 88' lang='lat' dir='ltr'>the</span> <span class='ocrx_word' id='word_1_224' title='bbox 1048 3481 1094 3534; x_wconf 90' lang='lat' dir='ltr'>De</span> <span class='ocrx_word' id='word_1_225' title='bbox 1112 3481 1220 3534; x_wconf 87' lang='lat' dir='ltr'>Natura</span> <span class='ocrx_word' id='word_1_226' title='bbox 1236 3481 1334 3546; x_wconf 88' lang='lat' dir='ltr'>Rerum,</span> <span class='ocrx_word' id='word_1_227' title='bbox 1349 3479 1389 3534; x_wconf 87' lang='lat' dir='ltr'>lib.</span> <span class='ocrx_word' id='word_1_228' title='bbox 1404 3479 1451 3532; x_wconf 88' lang='lat' dir='ltr'>viii.</span> <span class='ocrx_word' id='word_1_229' title='bbox 1468 3499 1470 3536; x_wconf 81' lang='lat' dir='ltr'>l</span> 
     </span>
     <span class='ocr_line' id='line_1_30' title="bbox 425 3559 1470 3633; baseline 0.004 -21"><span class='ocrx_word' id='word_1_230' title='bbox 425 3559 509 3612; x_wconf 91' lang='lat' dir='ltr'>Omn.</span> <span class='ocrx_word' id='word_1_231' title='bbox 529 3559 634 3613; x_wconf 87' lang='lat' dir='ltr'>Genev.</span> <span class='ocrx_word' id='word_1_232' title='bbox 657 3559 732 3627; x_wconf 84' lang='lat'>1658,</span> <span class='ocrx_word' id='word_1_233' title='bbox 755 3561 809 3614; x_wconf 90' lang='lat' dir='ltr'>vol.</span> <span class='ocrx_word' id='word_1_234' title='bbox 828 3560 855 3616; x_wconf 84' lang='lat' dir='ltr'>ii.</span> <span class='ocrx_word' id='word_1_235' title='bbox 875 3580 900 3632; x_wconf 84' lang='lat' dir='ltr'>p</span> <span class='ocrx_word' id='word_1_236' title='bbox 923 3562 993 3630; x_wconf 85' lang='lat'>104),</span> <span class='ocrx_word' id='word_1_237' title='bbox 1013 3564 1050 3618; x_wconf 87' lang='lat' dir='ltr'>he</span> <span class='ocrx_word' id='word_1_238' title='bbox 1067 3562 1238 3632; x_wconf 84' lang='lat' dir='ltr'>elaborately</span> <span class='ocrx_word' id='word_1_239' title='bbox 1254 3562 1345 3633; x_wconf 86' lang='lat' dir='ltr'>praises</span> <span class='ocrx_word' id='word_1_240' title='bbox 1361 3563 1401 3618; x_wconf 88' lang='lat' dir='ltr'>the</span> <span class='ocrx_word' id='word_1_241' title='bbox 1418 3563 1470 3617; x_wconf 74' lang='lat' dir='ltr'>‘Me</span> 
     </span>
     <span class='ocr_line' id='line_1_31' title="bbox 423 3639 1177 3712; baseline 0.005 -16"><span class='ocrx_word' id='word_1_242' title='bbox 423 3639 586 3710; x_wconf 81' lang='lat' dir='ltr'>spagyrici’</span> <span class='ocrx_word' id='word_1_243' title='bbox 600 3641 627 3695; x_wconf 91' lang='lat' dir='ltr'>in</span> <span class='ocrx_word' id='word_1_244' title='bbox 641 3643 817 3712; x_wconf 83' lang='lat' dir='ltr'>comparlson</span> <span class='ocrx_word' id='word_1_245' title='bbox 830 3644 895 3700; x_wconf 86' lang='lat' dir='ltr'>with</span> <span class='ocrx_word' id='word_1_246' title='bbox 909 3646 957 3700; x_wconf 90' lang='lat' dir='ltr'>the</span> <span class='ocrx_word' id='word_1_247' title='bbox 970 3647 1050 3700; x_wconf 88' lang='lat' dir='ltr'>other</span> <span class='ocrx_word' id='word_1_248' title='bbox 1064 3645 1177 3700; x_wconf 89' lang='lat' dir='ltr'>Medici.</span> 
     </span>
    </p>

    <p class='ocr_par' dir='ltr' id='par_1_8' title="bbox 423 3723 1470 3965">
     <span class='ocr_line' id='line_1_32' title="bbox 459 3723 1470 3799; baseline 0.008 -23"><span class='ocrx_word' id='word_1_249' title='bbox 459 3724 552 3778; x_wconf 88' lang='lat' dir='ltr'>There</span> <span class='ocrx_word' id='word_1_250' title='bbox 566 3723 588 3778; x_wconf 87' lang='lat' dir='ltr'>is</span> <span class='ocrx_word' id='word_1_251' title='bbox 606 3743 623 3779; x_wconf 88' lang='lat' dir='ltr'>a</span> <span class='ocrx_word' id='word_1_252' title='bbox 641 3725 706 3795; x_wconf 85' lang='lat' dir='ltr'>long</span> <span class='ocrx_word' id='word_1_253' title='bbox 723 3727 780 3781; x_wconf 87' lang='lat' dir='ltr'>and</span> <span class='ocrx_word' id='word_1_254' title='bbox 799 3727 965 3796; x_wconf 81' lang='lat' dir='ltr'>interesting</span> <span class='ocrx_word' id='word_1_255' title='bbox 982 3739 1099 3784; x_wconf 90' lang='lat' dir='ltr'>account</span> <span class='ocrx_word' id='word_1_256' title='bbox 1117 3729 1149 3782; x_wconf 84' lang='lat' dir='ltr'>oi</span> <span class='ocrx_word' id='word_1_257' title='bbox 1163 3728 1219 3784; x_wconf 88' lang='lat' dir='ltr'>this</span> <span class='ocrx_word' id='word_1_258' title='bbox 1238 3729 1302 3783; x_wconf 84' lang='lat' dir='ltr'>word</span> <span class='ocrx_word' id='word_1_259' title='bbox 1318 3727 1342 3782; x_wconf 90' lang='lat' dir='ltr'>in</span> <span class='ocrx_word' id='word_1_260' title='bbox 1360 3729 1470 3799; x_wconf 80' lang='lat' dir='ltr'>Kopp&#39;sl</span> 
     </span>
     <span class='ocr_line' id='line_1_33' title="bbox 423 3809 1460 3882; baseline 0.004 -20"><span class='ocrx_word' id='word_1_261' title='bbox 423 3812 503 3876; x_wconf 76' lang='lat' dir='ltr'>trtige</span> <span class='ocrx_word' id='word_1_262' title='bbox 515 3825 562 3861; x_wconf 83' lang='lat' dir='ltr'>zur</span> <span class='ocrx_word' id='word_1_263' title='bbox 574 3809 746 3864; x_wconf 87' lang='lat' dir='ltr'>Geschicbte</span> <span class='ocrx_word' id='word_1_264' title='bbox 758 3810 809 3864; x_wconf 88' lang='lat' dir='ltr'>der</span> <span class='ocrx_word' id='word_1_265' title='bbox 822 3810 940 3878; x_wconf 89' lang='lat' dir='ltr'>Chimie,</span> <span class='ocrx_word' id='word_1_266' title='bbox 954 3811 1178 3882; x_wconf 82' lang='lat' dir='ltr'>Braunschweig,</span> <span class='ocrx_word' id='word_1_267' title='bbox 1196 3812 1266 3880; x_wconf 83' lang='lat'>1869,</span> <span class='ocrx_word' id='word_1_268' title='bbox 1277 3829 1314 3882; x_wconf 90' lang='lat' dir='ltr'>pp.</span> <span class='ocrx_word' id='word_1_269' title='bbox 1325 3813 1389 3880; x_wconf 81' lang='lat'>63—4,</span> <span class='ocrx_word' id='word_1_270' title='bbox 1400 3823 1460 3867; x_wconf 81' lang='lat' dir='ltr'>note.</span> 
     </span>
     <span class='ocr_line' id='line_1_34' title="bbox 425 3891 1437 3965; baseline 0.008 -23"><span class='ocrx_word' id='word_1_271' title='bbox 425 3907 480 3944; x_wconf 89' lang='lat' dir='ltr'>was</span> <span class='ocrx_word' id='word_1_272' title='bbox 494 3891 603 3960; x_wconf 86' lang='lat' dir='ltr'>usually</span> <span class='ocrx_word' id='word_1_273' title='bbox 616 3892 730 3948; x_wconf 83' lang='lat' dir='ltr'>derived</span> <span class='ocrx_word' id='word_1_274' title='bbox 743 3893 814 3947; x_wconf 84' lang='lat' dir='ltr'>from</span> <span class='ocrx_word' id='word_1_275' title='bbox 826 3895 897 3962; x_wconf 80' lang='grc' dir='ltr'><strong><em>σπᾷν</em></strong></span> <span class='ocrx_word' id='word_1_276' title='bbox 909 3895 950 3947; x_wconf 76' lang='grc' dir='ltr'>καὶ</span> <span class='ocrx_word' id='word_1_277' title='bbox 962 3893 1080 3964; x_wconf 71' lang='grc' dir='ltr'><strong><em>ἀγείρειν,</em></strong></span> <span class='ocrx_word' id='word_1_278' title='bbox 1093 3904 1122 3949; x_wconf 91' lang='lat' dir='ltr'>to</span> <span class='ocrx_word' id='word_1_279' title='bbox 1135 3905 1261 3965; x_wconf 86' lang='lat' dir='ltr'>separate</span> <span class='ocrx_word' id='word_1_280' title='bbox 1271 3895 1317 3950; x_wconf 88' lang='lat' dir='ltr'>and</span> <span class='ocrx_word' id='word_1_281' title='bbox 1327 3895 1437 3952; x_wconf 87' lang='lat' dir='ltr'>combine.</span> 
     </span>
    </p>

    <p class='ocr_par' dir='ltr' id='par_1_9' title="bbox 458 3971 1469 4050">
     <span class='ocr_line' id='line_1_35' title="bbox 458 3971 1469 4050; baseline 0.009 -24"><span class='ocrx_word' id='word_1_282' title='bbox 458 3971 480 4004; x_wconf 69' lang='lat'>²⁵</span> <span class='ocrx_word' id='word_1_283' title='bbox 499 3973 612 4029; x_wconf 89' lang='lat' dir='ltr'>‘Those</span> <span class='ocrx_word' id='word_1_284' title='bbox 625 3976 706 4042; x_wconf 75' lang='lat' dir='ltr'>fires’</span> <span class='ocrx_word' id='word_1_285' title='bbox 719 3993 751 4030; x_wconf 86' lang='lat' dir='ltr'>as</span> <span class='ocrx_word' id='word_1_286' title='bbox 765 3976 792 4031; x_wconf 92' lang='lat' dir='ltr'>in</span> <span class='ocrx_word' id='word_1_287' title='bbox 805 3978 877 4031; x_wconf 85' lang='lat' dir='ltr'>Aen.</span> <span class='ocrx_word' id='word_1_288' title='bbox 887 3976 932 4030; x_wconf 88' lang='lat' dir='ltr'>vii.</span> <span class='ocrx_word' id='word_1_289' title='bbox 947 3989 980 4045; x_wconf 85' lang='lat'>77</span> <span class='ocrx_word' id='word_1_290' title='bbox 993 3995 1000 4032; x_wconf 73' lang='grc' dir='ltr'><strong><em>ε</em></strong></span> <span class='ocrx_word' id='word_1_291' title='bbox 1019 3979 1079 4032; x_wconf 89' lang='lat' dir='ltr'>‘Ac</span> <span class='ocrx_word' id='word_1_292' title='bbox 1091 3978 1156 4034; x_wconf 86' lang='lat' dir='ltr'>totis</span> <span class='ocrx_word' id='word_1_293' title='bbox 1166 3979 1308 4034; x_wconf 86' lang='lat' dir='ltr'>Vulcanum</span> <span class='ocrx_word' id='word_1_294' title='bbox 1316 3991 1469 4050; x_wconf 81' lang='lat' dir='ltr'>spargereten</span> 
     </span>
    </p>

    <p class='ocr_par' dir='ltr' id='par_1_10' title="bbox 458 4053 650 4127">
     <span class='ocr_line' id='line_1_36' title="bbox 458 4053 650 4127; baseline 0.016 -17"><span class='ocrx_word' id='word_1_295' title='bbox 458 4053 480 4086; x_wconf 73' lang='lat'>¹⁶</span> <span class='ocrx_word' id='word_1_296' title='bbox 499 4057 554 4111; x_wconf 89' lang='lat' dir='ltr'>See</span> <span class='ocrx_word' id='word_1_297' title='bbox 567 4057 595 4111; x_wconf 92' lang='lat' dir='ltr'>ii.</span> <span class='ocrx_word' id='word_1_298' title='bbox 608 4071 650 4127; x_wconf 82' lang='lat'>35.</span> 
     </span>
    </p>

    <p class='ocr_par' dir='ltr' id='par_1_11' title="bbox 457 4135 619 4209">
     <span class='ocr_line' id='line_1_37' title="bbox 457 4135 619 4209; baseline 0 -15"><span class='ocrx_word' id='word_1_299' title='bbox 457 4135 479 4167; x_wconf 80' lang='lat'>²⁷</span> <span class='ocrx_word' id='word_1_300' title='bbox 500 4140 550 4209; x_wconf 86' lang='lat' dir='ltr'>Cp.</span> <span class='ocrx_word' id='word_1_301' title='bbox 564 4139 580 4194; x_wconf 91' lang='lat' dir='ltr'>i.</span> <span class='ocrx_word' id='word_1_302' title='bbox 594 4154 619 4208; x_wconf 81' lang='lat'>3.</span> 
     </span>
    </p>

    <p class='ocr_par' dir='ltr' id='par_1_12' title="bbox 423 4218 1469 4454">
     <span class='ocr_line' id='line_1_38' title="bbox 458 4218 1469 4300; baseline 0.008 -25"><span class='ocrx_word' id='word_1_303' title='bbox 458 4218 480 4250; x_wconf 78' lang='lat'>²⁸</span> <span class='ocrx_word' id='word_1_304' title='bbox 501 4223 693 4293; x_wconf 80' lang='lat' dir='ltr'>Sesqui-oxide</span> <span class='ocrx_word' id='word_1_305' title='bbox 714 4224 747 4279; x_wconf 83' lang='lat' dir='ltr'>os</span> <span class='ocrx_word' id='word_1_306' title='bbox 764 4226 832 4280; x_wconf 91' lang='lat' dir='ltr'>iron.</span> <span class='ocrx_word' id='word_1_307' title='bbox 879 4226 1021 4282; x_wconf 85' lang='lat' dir='ltr'>‘Crocus&#39;</span> <span class='ocrx_word' id='word_1_308' title='bbox 1040 4245 1097 4282; x_wconf 82' lang='lat' dir='ltr'>was</span> <span class='ocrx_word' id='word_1_309' title='bbox 1114 4245 1132 4283; x_wconf 86' lang='lat' dir='ltr'>a</span> <span class='ocrx_word' id='word_1_310' title='bbox 1151 4237 1222 4283; x_wconf 88' lang='lat' dir='ltr'>term</span> <span class='ocrx_word' id='word_1_311' title='bbox 1239 4227 1329 4300; x_wconf 85' lang='lat' dir='ltr'>applied</span> <span class='ocrx_word' id='word_1_312' title='bbox 1343 4229 1372 4299; x_wconf 82' lang='lat' dir='ltr'>by</span> <span class='ocrx_word' id='word_1_313' title='bbox 1386 4230 1423 4285; x_wconf 83' lang='lat' dir='ltr'>the</span> <span class='ocrx_word' id='word_1_314' title='bbox 1437 4231 1469 4284; x_wconf 72' lang='lat' dir='ltr'>olr&#39;</span> 
     </span>
     <span class='ocr_line' id='line_1_39' title="bbox 423 4303 1469 4382; baseline 0.008 -24"><span class='ocrx_word' id='word_1_315' title='bbox 423 4303 557 4360; x_wconf 88' lang='lat' dir='ltr'>chemists</span> <span class='ocrx_word' id='word_1_316' title='bbox 573 4316 603 4361; x_wconf 89' lang='lat' dir='ltr'>to</span> <span class='ocrx_word' id='word_1_317' title='bbox 619 4323 705 4378; x_wconf 84' lang='lat' dir='ltr'>many</span> <span class='ocrx_word' id='word_1_318' title='bbox 718 4309 839 4364; x_wconf 89' lang='lat' dir='ltr'>metallic</span> <span class='ocrx_word' id='word_1_319' title='bbox 855 4311 1038 4382; x_wconf 89' lang='lat' dir='ltr'>compounds,</span> <span class='ocrx_word' id='word_1_320' title='bbox 1054 4327 1086 4366; x_wconf 85' lang='lat' dir='ltr'>as</span> <span class='ocrx_word' id='word_1_321' title='bbox 1100 4313 1206 4368; x_wconf 89' lang='lat' dir='ltr'>Crocus</span> <span class='ocrx_word' id='word_1_322' title='bbox 1219 4313 1350 4381; x_wconf 86' lang='lat' dir='ltr'>Antimonii,</span> <span class='ocrx_word' id='word_1_323' title='bbox 1362 4315 1469 4368; x_wconf 80' lang='lat' dir='ltr'>Crocusll</span> 
     </span>
     <span class='ocr_line' id='line_1_40' title="bbox 423 4385 570 4454; baseline 0 -13"><span class='ocrx_word' id='word_1_324' title='bbox 423 4385 507 4454; x_wconf 86' lang='lat' dir='ltr'>neris,</span> <span class='ocrx_word' id='word_1_325' title='bbox 520 4389 570 4443; x_wconf 79' lang='lat' dir='ltr'>&amp;c</span> 
     </span>
    </p>

    <p class='ocr_par' dir='ltr' id='par_1_13' title="bbox 456 4467 1382 4542">
     <span class='ocr_line' id='line_1_41' title="bbox 456 4467 1382 4542; baseline 0.012 -19"><span class='ocrx_word' id='word_1_326' title='bbox 456 4467 478 4500; x_wconf 74' lang='lat'>¹⁹</span> <span class='ocrx_word' id='word_1_327' title='bbox 497 4469 657 4542; x_wconf 83' lang='lat' dir='ltr'>‘Verdigris</span> <span class='ocrx_word' id='word_1_328' title='bbox 666 4473 724 4528; x_wconf 89' lang='lat' dir='ltr'>and</span> <span class='ocrx_word' id='word_1_329' title='bbox 737 4474 916 4532; x_wconf 66' lang='lat' dir='ltr'>white-lead!</span> <span class='ocrx_word' id='word_1_330' title='bbox 952 4477 1028 4532; x_wconf 87' lang='lat' dir='ltr'>Both</span> <span class='ocrx_word' id='word_1_331' title='bbox 1039 4478 1119 4534; x_wconf 89' lang='lat' dir='ltr'>these</span> <span class='ocrx_word' id='word_1_332' title='bbox 1132 4495 1179 4536; x_wconf 85' lang='lat' dir='ltr'>are</span> <span class='ocrx_word' id='word_1_333' title='bbox 1192 4479 1301 4536; x_wconf 88' lang='lat' dir='ltr'>classical</span> <span class='ocrx_word' id='word_1_334' title='bbox 1311 4489 1382 4536; x_wconf 84' lang='lat' dir='ltr'>tems.</span> 
     </span>
    </p>
   </div>
   <div class='ocr_carea' id='block_1_5' title="bbox 0 0 1630 5138">
    <p class='ocr_par' dir='ltr' id='par_1_14' title="bbox 0 0 1630 5138">
     <span class='ocr_line' id='line_1_42' title="bbox 0 0 1630 5138; baseline 0 0"><span class='ocrx_word' id='word_1_335' title='bbox 0 0 1630 5138; x_wconf 95' lang='lat' dir='ltr'> </span> 
     </span>
    </p>
   </div>
  </div>
 </body>
</html>
