3250 5138
641 405 720 464 tra.
744 407 785 466 rr.
808 395 861 480 48.
1262 411 1324 487 537

173 587 312 656 corpora
334 591 456 636 novum
477 573 664 638 dimensum
687 575 756 639 sive
777 594 895 638 novam
919 571 1092 657 sphaeram
1115 563 1183 638 sive
1203 595 1324 637 novam

173 677 402 742 dilatationem
421 687 478 742 aut
499 679 755 744 contractionem
772 675 867 764 (haec
888 681 977 742 enim
992 679 1167 742 verborum
1183 679 1325 742 varietas

173 779 261 843 idern
279 778 397 867 innuit)
409 782 599 860 exhorrent,
615 792 782 865 respuunt,
794 782 933 866 lugiunt,
946 793 979 846 et
992 783 1113 846 resilire
1129 802 1166 846 ac
1178 792 1323 846 veterent

172 885 419 950 consistentiam
439 907 631 968 recuperare
646 887 726 950 totis
741 887 864 951 viribus
885 889 1098 952 contendunt.
1142 885 1194 950 At
1209 897 1323 951 contra

172 984 205 1046 in
221 984 286 1048 hoc
307 985 405 1049 Motu
421 985 536 1067 Hyles,
553 1006 691 1070 corpora
712 1007 832 1050 novam
853 987 1026 1070 sphaeram
1048 988 1116 1050 sive
1137 987 1322 1051 dimensum

172 1100 333 1171 appetunt
346 1111 354 1168 ;
381 1101 483 1171 atque
505 1091 548 1154 ad
572 1090 651 1154 illud
679 1091 820 1155 libenter
842 1103 874 1156 et
897 1113 1043 1175 propere,
1066 1102 1100 1156 et
1123 1093 1323 1174 quandoque

171 1192 398 1257 valentissimo
413 1195 494 1257 nixu
510 1190 560 1278 (nt
577 1195 609 1258 in
625 1194 760 1277 pulvere
776 1193 884 1280 pyrio)
899 1197 1055 1280 aspirant.
1100 1195 1322 1260 Instrumenta

171 1305 283 1360 autem
314 1297 411 1378 hujus
441 1308 560 1372 motus,
590 1319 656 1362 non
686 1299 755 1363 sola
786 1310 882 1376 certe,
913 1301 970 1364 sed
1001 1300 1239 1382 potentissima,
1265 1310 1322 1363 aut

171 1398 290 1463 saltem
313 1400 584 1482 frequentissima,
600 1413 677 1466 sunt
693 1401 784 1467 calor
804 1414 837 1467 et
858 1404 969 1486 frigus.
1015 1403 1174 1486 Exempli
1196 1404 1320 1486 gratia:

170 1510 237 1579 a'e'r,
257 1505 283 1568 si
307 1525 364 1587 per
384 1515 550 1570 tensuram
572 1504 676 1592 (velut
700 1529 758 1590 per
779 1509 990 1572 exuctionem
1015 1509 1047 1571 in
1071 1508 1141 1571 ovis
1161 1507 1322 1592 vitreis⁶')

170 1605 336 1686 dilatetur,
367 1629 487 1691 magno
511 1610 639 1674 laboret
665 1612 828 1676 desiderio
855 1613 997 1696 seipsum
1023 1611 1224 1676 restituendi.
1270 1611 1320 1676 At

170 1711 308 1776 admoto
339 1711 455 1788 calore,
485 1734 504 1777 e
540 1727 653 1778 contra
686 1716 815 1798 appetit
844 1716 983 1793 dilatari,
1012 1725 1047 1778 et
1077 1715 1284 1798 concupiscet
1294 1715 1321 1754 ⁷⁰

171 1835 291 1879 novam
325 1816 507 1900 sphaeram,
537 1827 571 1881 et
604 1821 722 1884 transit
758 1830 793 1884 et
826 1820 948 1904 migrat
979 1819 1012 1882 in
1046 1819 1136 1882 illam
1171 1805 1338 1893 libenter‚'

170 1928 328 2002 tanquam
355 1923 388 1984 in
419 1942 538 1985 novam
568 1922 707 1986 sormam
732 1919 783 2008 (ut
809 1919 1018 2008 loquuntur);
1051 1942 1111 1987 nec
1136 1933 1214 2003 post
1237 1923 1320 1986 dila-

169 2025 331 2088 tationem
362 2025 556 2090 nonnullam
586 2028 629 2090 de
656 2027 762 2091 reditu
787 2038 889 2102 curat,
918 2029 978 2091 nisi
1009 2049 1068 2111 per
1094 2027 1319 2090 admotionem

168 2126 276 2211 frigidi
302 2129 345 2192 ad
372 2151 446 2193 eam
477 2131 656 2208 invitetur;
686 2153 771 2214 quae
798 2152 863 2195 non
890 2133 1013 2196 reditus
1043 2141 1102 2207 est,
1130 2131 1189 2194 sed
1214 2141 1319 2196 trans·

170 2233 312 2296 mutatio
328 2235 477 2316 repetita.
513 2235 641 2299 Eodem
658 2237 758 2300 modo
775 2245 808 2299 et
824 2257 918 2318 aqua,
930 2237 956 2298 si
975 2255 1033 2319 per
1043 2236 1320 2318 compressionem

168 2345 319 2414 arctetur,
343 2337 525 2401 recalcitrat
534 2336 576 2415 ⁷¹3
600 2350 634 2403 et
657 2340 725 2402 vult
750 2339 817 2403 fieri
842 2340 949 2422 qualis
974 2339 1045 2416 suit,
1067 2339 1190 2403 scilicet
1213 2337 1318 2403 latior.

167 2439 219 2503 At
241 2441 268 2503 si
293 2442 484 2506 interveniat
511 2442 613 2528 frigus
640 2444 804 2508 intensum
832 2455 866 2508 et
891 2445 1130 2519 continuatum,
1155 2453 1262 2509 mutat
1284 2465 1319 2508 se

163 2555 287 2636 sponte
311 2566 370 2608 sua
398 2557 431 2610 et
455 2546 596 2611 libenter
620 2549 653 2611 in
683 2547 975 2612 condensationem
1002 2547 1137 2629 glaciei3
1167 2557 1268 2630 atque
1291 2550 1317 2610 sl

167 2649 265 2731 plane
290 2650 499 2715 continuetur
525 2651 637 2734 frigus,
661 2672 720 2717 nec
747 2673 767 2715 a
793 2652 962 2735 teporibus
989 2653 1245 2733 interrumpatur
1267 2647 1318 2734 (ut

166 2751 203 2816 fit
227 2753 259 2815 in
285 2753 448 2836 speluncis
471 2763 505 2819 et
527 2756 674 2820 cavernis
694 2755 794 2840 paulo
817 2753 1105 2840 profundioribus),
1123 2755 1262 2818 vertitur
1285 2756 1317 2817 in

166 2856 358 2938 crystallum
368 2856 396 2896 ⁷²
410 2867 468 2922 aut
485 2860 655 2923 materiam
671 2861 821 2936 similem,
839 2879 1060 2942 necunquam
1077 2857 1266 2922 restituitur.

201 3009 224 3042 ⁸⁰
243 3012 290 3066 On
302 3012 358 3066 this
369 3015 506 3083 example,
520 3031 562 3085 cp.
578 3017 631 3069 last
645 3014 749 3069 section
762 3014 820 3068 and
833 3031 880 3068 see
899 3025 964 3068 note
983 3029 998 3067 2
1002 3027 1015 3084 5
1037 3030 1074 3067 on
1088 3013 1162 3082 Aph.
1174 3025 1217 3082 45.
1254 3013 1317 3067 The

165 3111 294 3164 pressure
306 3096 338 3150 ol
351 3096 399 3150 the
412 3099 589 3167 atmosphere
609 3099 685 3164 (with
699 3097 789 3152 which
809 3099 905 3151 Bacon
919 3115 975 3151 was
994 3095 1211 3167 unacquainted)
1226 3097 1317 3151 would

165 3195 249 3234 cause
263 3180 311 3233 the
323 3178 366 3232 air
378 3189 407 3233 to
420 3179 474 3235 rise
484 3181 580 3236 within
593 3183 640 3236 the
653 3197 715 3251 egg,
726 3181 766 3235 till
777 3181 824 3236 the
836 3181 968 3236 enclosed
981 3180 1023 3234 air
1034 3180 1165 3234 assumed
1178 3180 1225 3232 the
1238 3196 1316 3234 same

164 3267 275 3335 density
287 3284 318 3322 as
330 3268 391 3322 that
406 3267 520 3324 without
533 3270 561 3325 it.

200 3348 223 3380 2⁰
242 3349 321 3419 This,
341 3351 431 3405 which
451 3351 474 3406 is
493 3354 541 3407 the
559 3353 677 3422 reading
694 3352 727 3407 os
741 3349 789 3408 the
808 3351 882 3408 First
900 3351 1027 3419 Edition,
1048 3349 1071 3406 is
1090 3350 1196 3406 altered
1216 3351 1244 3405 in
1269 3351 1315 3406 the

164 3433 276 3488 Second
289 3443 318 3488 to
330 3435 509 3505 concupiscit,
521 3437 668 3504 obviously
680 3437 728 3491 the
741 3437 815 3506 right
827 3436 912 3491 word.

198 3515 219 3547 ⁷¹
240 3518 291 3589 Cp.
305 3519 426 3574 Bacon’s
439 3520 564 3575 abortive
575 3519 744 3590 experiment
757 3537 794 3575 on
807 3520 856 3574 the
867 3519 966 3574 leaden
978 3520 1069 3588 globe,
1082 3535 1114 3573 as
1128 3517 1273 3573 described
1287 3518 1315 3572 in

198 3681 220 3714 ²²
238 3685 293 3740 See
308 3685 395 3754 Pliny,
410 3687 477 3741 Nat.
493 3686 567 3742 Hist.
580 3685 708 3742 xxxviia
729 3685 778 3756 (9),
792 3697 858 3742 sect.
872 3701 905 3756 23
926 3687 1029 3754 (where
1047 3685 1083 3740 he
1102 3701 1167 3754 says
1180 3683 1314 3754 ‘glaciem

161 3785 224 3824 esse
237 3779 343 3823 certum
356 3781 407 3837 est,
420 3770 494 3825 unde
513 3789 614 3827 nornen
635 3771 736 3826 Graeci
755 3769 896 3838 dedere'),
908 3771 965 3825 and
985 3772 1103 3836 Seneca,
1117 3769 1184 3822 Nat.
1199 3769 1315 3838 Quaesr.

162 3849 200 3906 iii.
213 3864 246 3921 25
261 3852 298 3907 ad
311 3852 357 3907 fin.
404 3854 516 3908 Solinus
531 3854 710 3924 (Polyhistor,
723 3871 785 3925 cap.
801 3867 832 3924 15
846 3854 883 3908 ad
896 3852 954 3921 lin.)
968 3853 1095 3907 combats
1115 3851 1171 3905 this
1190 3851 1315 3921 opinion.

164 3937 218 3990 Mr.
229 3934 299 3990 Ellis
313 3953 378 4005 says
391 3954 397 3990 :
418 3938 555 4008 ‘Though
569 3938 625 3993 this
637 3948 756 3993 account
769 3937 801 3993 os
809 3939 858 3992 the
871 3935 961 4006 origin
974 3936 1006 3990 ol
1015 3936 1131 4003 crystals
1142 3932 1166 3988 is
1176 3934 1207 3988 ol
1217 3951 1313 3990 course
1418 3990 1423 4000 ,

161 4036 320 4086 erroneous,
331 4030 376 4088 yet
389 4021 468 4076 there
482 4021 505 4076 is
516 4039 534 4076 a
543 4023 615 4077 class
627 4023 658 4076 ol
668 4023 783 4091 crystals
794 4021 884 4075 which
895 4021 966 4075 have
976 4019 1049 4073 been
1060 4018 1157 4072 shown
1167 4027 1196 4071 to
1206 4035 1313 4088 oecupy

160 4103 207 4156 the
220 4119 299 4156 same
312 4104 422 4158 volume
435 4105 526 4159 which
539 4105 612 4160 their
624 4116 709 4161 water
721 4105 752 4159 os
761 4103 975 4174 crystallisation
989 4102 1080 4156 would
1097 4117 1204 4170 occupy
1217 4100 1245 4154 in
1264 4103 1313 4156 the

162 4200 233 4244 state
245 4189 278 4245 ol
286 4189 345 4258 ice;
366 4208 397 4246 so
410 4192 470 4248 that
483 4193 555 4249 their
567 4194 648 4248 other
659 4192 845 4248 constituents
858 4209 921 4261 may
934 4191 963 4244 in
977 4208 1054 4246 some
1072 4201 1129 4245 sort
1148 4190 1183 4245 be
1202 4190 1264 4245 said
1284 4201 1312 4246 to

160 4273 226 4327 take
235 4291 271 4344 up
280 4291 317 4328 no
325 4291 418 4345 space.
448 4276 519 4330 This
528 4277 636 4332 curious
644 4279 764 4347 analogy
773 4276 839 4330 with
849 4276 890 4331 ice
900 4293 956 4330 was
966 4274 1070 4345 proved
1078 4275 1116 4343 by
1126 4273 1313 4342 Playlairand

159 4356 240 4427 Jnule
253 4357 281 4412 in
294 4376 312 4412 a
324 4376 389 4428 very
402 4359 595 4415 considerable
607 4362 725 4416 number
736 4361 768 4414 os
777 4377 865 4414 cases.
906 4360 961 4415 See
972 4359 1042 4412 Phil.
1054 4360 1132 4428 Mag.
1143 4358 1213 4412 Dec.
1227 4359 1311 4426 1845!

196 4441 292 4496 Bacon
305 4459 396 4498 seems
408 4455 437 4514 to
450 4445 485 4498 be
498 4443 635 4514 speaking
646 4444 678 4497 of
687 4444 841 4498 stalactites
853 4442 910 4498 and
923 4442 1096 4512 stalagmites
1109 4459 1141 4496 as
1156 4441 1214 4497 well
1233 4459 1264 4496 as
1283 4441 1315 4496 oi

161 4524 234 4580 what
246 4542 294 4582 are
307 4543 384 4582 more
397 4527 556 4598 commonly
569 4528 657 4584 called
670 4531 795 4597 crystals.
