3342 5152
294 415 358 475 412
671 402 828 459 novun
847 401 1067 459 omniumr.

426 567 622 636 Ostenditur
644 567 745 632 etiam
769 566 977 651 aliquatenus
1003 567 1037 630 in
1060 565 1256 650 gangraenis
1279 565 1444 630 nonnullis

384 685 417 738 et
433 673 741 738 mortificationibus
756 673 924 749 camium;
942 671 1028 755 quae'
1044 691 1109 736 non
1125 671 1271 736 excitant
1288 691 1443 752 magnum

382 777 524 856 calorem
539 787 597 842 aut
614 776 772 856 dolorem,
788 776 832 840 ob
848 776 1067 840 subtilitatem
1082 776 1337 858 putrefactionis.

339 949 454 1033 Atque
476 949 558 1013 haec
583 948 627 1013 sit
649 947 772 1012 Prima
800 947 1029 1024 Vindomium,
1050 947 1119 1010 sive
1140 947 1371 1030 Interpretatio
1393 947 1444 1010 in·

294 1054 409 1119 choata
424 1056 467 1118 de
483 1053 605 1117 Forma
621 1051 737 1130 Calidi,
752 1051 839 1116 iacta
854 1071 912 1135 per
923 1050 1176 1116 Permisstbnem
1191 1049 1382 1116 Intellectus.

339 1159 395 1222 Ex
420 1158 680 1223 vindemiatione
701 1168 813 1222 autem
837 1156 900 1221 ista
920 1157 1050 1231 Prima,
1074 1155 1180 1220 forma
1204 1157 1272 1220 sive
1295 1155 1444 1220 definitio

295 1261 408 1328 vera²³
425 1262 542 1328 caloris
558 1259 643 1348 (ejus
661 1263 718 1345 qui
741 1261 840 1326 estin
860 1259 975 1326 ordine
998 1262 1040 1325 ad
1062 1261 1259 1338 universum,
1274 1282 1340 1324 non
1363 1260 1444 1324 rela-

294 1367 382 1431 tivus
401 1369 634 1432 tantummodo
652 1367 695 1430 ad
714 1361 860 1449 sensum)
879 1364 955 1429 talis
975 1375 1034 1440 est,
1054 1364 1144 1428 brevi
1162 1365 1335 1428 verborum
1356 1384 1444 1429 com-

294 1470 416 1553 plexu:
452 1469 549 1536 Calor
576 1480 627 1536 est
654 1479 760 1534 motus
783 1469 986 1552 expansivus,
1008 1467 1174 1546 cohibitus,
1199 1478 1233 1531 et
1260 1469 1367 1532 nitens
1383 1478 1445 1550 per

286 1584 401 1656 partes
418 1575 568 1640 minores.
612 1574 826 1639 Modihcatur
842 1584 956 1639 autem
977 1573 1154 1656 expansio:
1180 1581 1219 1635 ut
1238 1571 1444 1655 expandendo

294 1679 329 1741 ln
359 1678 518 1743 ambitum
528 1675 565 1756 ²⁴,
594 1675 747 1743 nonnihil
778 1688 887 1742 tamen
921 1675 1054 1742 inclinet
1086 1697 1199 1741 versus
1230 1673 1442 1758 mpmhraffi.

295 1781 507 1847 Modificatur
521 1792 633 1847 autem
653 1792 688 1847 et
709 1784 807 1847 nixus
828 1781 882 1846 ille
902 1803 961 1866 per
976 1792 1105 1864 partem
1128 1790 1242 1845 utnon
1256 1781 1445 1846 sitomnino

293 1887 409 1968 segnis,
426 1887 485 1952 sed
503 1889 659 1952 incitatus
680 1897 807 1952 etcum
830 1889 949 1970 impetu
971 1884 1132 1951 nonnullo.

338 1989 438 2073 Quod
461 2013 539 2057 vero
565 1994 608 2056 ad
632 1992 848 2075 Operativam
872 1991 1000 2068 attinet,
1023 1991 1140 2054 eadem
1168 2010 1217 2054 res
1247 1999 1307 2054 est.
1354 1988 1443 2053 Nam

294 2094 479 2178 designatio
498 2105 548 2161 est
567 2095 663 2160 talis:
688 2095 733 2160 Sl
752 2097 787 2160 in
808 2095 915 2178 aliquo
934 2106 1061 2178 corpere
1081 2093 1232 2158 naturali
1244 2095 1369 2176 potens
1389 2115 1443 2157 ex-

292 2199 395 2262 citare
421 2208 543 2263 motum
568 2199 670 2264 adse
694 2198 904 2265 dilatandum
929 2209 990 2262 aut
1016 2197 1258 2280 expandendum
1267 2219 1282 2272 ,·
1312 2219 1444 2280 eumque

294 2312 416 2366 motum
428 2303 477 2367 ita
487 2305 661 2386 reprimere
668 2314 702 2368 et
711 2305 745 2368 in
755 2327 790 2369 se
802 2314 933 2383 vertere,
943 2313 981 2367 ut
989 2302 1139 2368 dilatatio
1151 2302 1209 2367 illa
1220 2323 1283 2366 non
1290 2301 1447 2386 procedat

293 2406 482 2489 aequaliter,
495 2408 687 2490 sedpartim
705 2408 852 2484 obtineat,
861 2407 991 2491 partim
1006 2407 1219 2481 remedatun·
1237 2405 1444 2490 procuttutio

287 2511 461 2594 generabis
481 2511 645 2578 calidum:
669 2534 735 2578 non
759 2512 873 2579 habita
900 2511 1035 2590 ratione,
1058 2513 1126 2577 sive
1150 2533 1270 2595 corpus
1296 2510 1377 2577 illud
1400 2511 1444 2575 sit

294 2613 492 2680 elementare
508 2614 559 2701 (ut
574 2613 772 2705 loquuntur),
787 2619 855 2682 sive
878 2618 1042 2682 imbutum
1063 2639 1084 2681 a
1104 2616 1302 2683 coelestibus
1311 2615 1353 2694 ²⁶3
1376 2616 1443 2680 sive

294 2719 504 2798 luminosum,
520 2721 590 2784 sive
605 2741 769 2803 opacum;
792 2723 862 2786 sive
877 2732 987 2798 tenue,
1003 2722 1071 2786 sive
1086 2723 1226 2786 densum
1239 2743 1247 2800 ;
1269 2720 1339 2786 sive
1354 2720 1443 2785 loca·

294 2823 371 2887 liter
384 2844 577 2907 expansum,
589 2825 658 2889 sive
675 2827 760 2890 intra
776 2827 919 2892 claustra
933 2827 1150 2891 dimensionis
1165 2827 1292 2909 primae
1308 2837 1443 2890 conten·

294 2937 388 3004 tum;
414 2929 482 2992 sive
502 2949 642 3013 vergens
667 2932 711 2994 ad
739 2930 999 3007 dissolutionem,
1022 2931 1092 2995 sive
1119 2951 1256 2996 manens
1278 2931 1442 3007 in·statu;

294 3033 363 3097 sive
392 3032 524 3110 animal,
548 3035 617 3097 sive
643 3033 838 3118 vegetabile,
860 3036 930 3100 sive
960 3034 1124 3110 minerale,
1150 3035 1218 3098 sive
1247 3055 1343 3118 aqua,
1373 3035 1443 3099 sive

293 3135 413 3212 oleum,
423 3137 491 3201 sive
499 3145 564 3215 atr,
573 3149 629 3203 aut
639 3138 749 3222 aliqua
759 3140 823 3203 alia
834 3139 1018 3205 substantia
1028 3159 1244 3222 quaecunque
1255 3141 1442 3222 susceptiva

330 3321 352 3354 ²⁸
370 3323 397 3378 N
401 3324 473 3379 otice
485 3325 548 3380 that
561 3325 663 3380 ‘form'
677 3325 699 3381 is
712 3327 779 3383 bere
792 3327 936 3383 identified
948 3327 1014 3382 with
1028 3326 1185 3383 definition.

330 3405 352 3438 ²⁴
370 3407 416 3462 All
428 3408 527 3477 round,
541 3409 570 3464 in
582 3410 619 3464 all
633 3409 794 3467 directions.

330 3487 353 3520 ²⁶
373 3491 427 3546 See
440 3501 504 3546 note
520 3507 552 3560 14
564 3493 663 3548 above.

330 3571 353 3604 ²⁸
371 3575 518 3644 Spectmm
528 3575 649 3645 analysis
658 3578 710 3631 has
719 3579 843 3648 recently
851 3579 949 3633 shown
957 3578 1018 3633 that
1031 3578 1040 3606 ⁴
1047 3578 1185 3634 celestial’
1198 3579 1255 3634 and
1268 3579 1443 3635 ‘terrestrial'

295 3674 328 3712 or
340 3657 538 3727 ‘elementary'
551 3659 650 3714 bodies
663 3678 710 3715 are
724 3662 755 3715 oi
760 3662 845 3716 much
857 3663 905 3717 the
918 3679 996 3717 same
1009 3660 1145 3717 chemical
1159 3661 1353 3734 composition.
1380 3663 1443 3718 The

295 3757 427 3796 common
438 3741 554 3811 opinion
568 3742 596 3797 in
610 3744 728 3798 Bacon’s
741 3744 817 3812 time,
831 3745 968 3800 inhen'ted
980 3745 1050 3800 irom
1064 3746 1112 3801 the
1126 3745 1309 3816 Peripatetics
1323 3745 1383 3816 (see
1397 3748 1442 3802 De

297 3825 391 3892 Coelo,
405 3825 422 3878 i.
436 3839 461 3892 3,
475 3825 501 3879 ii.
514 3837 540 3892 7,
552 3827 609 3880 and
622 3827 703 3881 other
715 3827 830 3898 places),
844 3845 901 3883 was
914 3829 974 3883 that
987 3829 1036 3882 the
1048 3828 1184 3898 heavenly
1196 3829 1295 3884 bodies
1308 3847 1355 3885 are
1368 3847 1442 3885 com·

295 3908 383 3979 posed
396 3909 470 3962 olan
483 3909 601 3979 entirely
612 3910 740 3965 different
759 3912 908 3967 substance
922 3913 950 3981 (a
964 3911 1024 3966 fiitb
1041 3928 1164 3978 essence,
1177 3930 1209 3967 or
1223 3913 1356 3981 clement)
1370 3913 1443 3968 irom

296 3994 377 4046 those
395 3991 486 4046 which
510 4004 590 4048 enter
611 3993 670 4049 into
694 3994 743 4048 the
768 3995 953 4065 composition
972 3995 1003 4050 oi
1024 3997 1176 4065 sublunary
1193 3995 1300 4052 bodies.
1338 3997 1443 4064 Bacon‚

295 4075 375 4129 while
388 4075 525 4146 opposing
537 4076 593 4131 this
606 4077 729 4147 opinion,
742 4077 845 4132 admits
859 4080 918 4134 that
931 4079 1008 4134 there
1021 4078 1044 4133 is
1058 4095 1094 4133 no
1111 4079 1199 4134 doubt
1213 4079 1295 4150 ‘quin
1314 4081 1443 4149 regiones

295 4159 348 4212 sub
360 4158 427 4213 luna
446 4159 552 4229 positae
571 4169 598 4215 et
617 4177 710 4230 supra,
724 4178 779 4216 una
796 4179 861 4216 curn
880 4162 1043 4232 corporibus
1061 4179 1134 4232 quae
1153 4163 1205 4217 sub
1226 4162 1325 4220 iisdem
1344 4163 1443 4234 spatiis

296 4241 480 4310 continentur,
494 4243 587 4297 multis
605 4254 633 4298 et
649 4245 761 4314 magnis
775 4247 857 4300 rebus
875 4245 1021 4302 differant:
1058 4247 1113 4303 See
1127 4246 1287 4318 Descriptio
1300 4246 1383 4302 Globi
1398 4249 1442 4301 ln-

295 4326 465 4393 tellectualis,
479 4342 540 4395 cap.
554 4339 569 4393 7
584 4328 630 4397 (E.
642 4328 699 4382 and
713 4329 751 4393 S.,
763 4330 817 4382 vol
832 4329 869 4383 iii.
883 4345 910 4398 p.
922 4331 983 4398 748,
996 4328 1070 4398 dre).

332 4409 377 4462 On
396 4409 445 4464 the
463 4411 623 4480 expression
643 4411 799 4465 ‘imbutum
811 4430 829 4466 a
846 4413 1028 4479 coelestibus,'
1047 4430 1091 4484 cp.
1111 4414 1185 4468 what
1203 4415 1301 4468 Bacon
1320 4430 1386 4484 says
1404 4429 1441 4469 on

295 4492 446 4562 Astrology
459 4491 488 4547 in
502 4495 547 4550 De
559 4494 734 4564 Augmentis,
748 4495 785 4551 iii.
798 4510 815 4564 4
829 4495 875 4564 (Ε.
888 4496 946 4551 and
959 4499 997 4565 S,
1011 4498 1064 4552 vol.
1078 4496 1095 4552 i.
1108 4513 1156 4568 pp.
1174 4509 1187 4566 5
1191 4497 1300 4569 54-6ol.
