3280 5238
311 382 376 450 504
690 373 848 430 novur!
868 371 1085 429 onoxuurr.

311 561 442 607 versum
473 551 506 605 et
537 551 701 604 mutatum
727 538 966 622 expansionem
993 534 1147 620 centuplo
1174 533 1333 618 majorem
1360 555 1469 619 quarn

311 656 409 710 antea
423 644 591 709 habuisset
607 643 827 726 acquisivisse.

357 749 516 814 Similiter
530 750 572 812 sit
588 757 707 811 natura
723 747 878 830 inquisita
894 744 995 811 Calor
1015 751 1073 810 aut
1093 745 1229 829 Frigus;
1250 744 1321 827 ejus
1342 765 1468 828 nempe

312 855 443 934 gradus,
459 863 495 916 ut
511 873 530 916 a
546 871 644 916 sensu
661 871 726 914 non
743 850 965 934 percipiantur
979 851 1023 914 ob
1039 849 1254 914 debilitatem.
1301 848 1396 913 Haec
1405 850 1468 912 de-

312 959 478 1020 ducuntur
507 958 549 1020 ad
580 975 710 1018 sensum
741 973 801 1038 per
829 955 950 1017 vitrum
981 954 1164 1030 calendare,
1190 952 1286 1036 quale
1313 953 1466 1035 superius

313 1061 545 1144 descripsimus
554 1059 591 1122 ⁶⁷.
638 1057 740 1122 Calor
762 1058 848 1122 enim
870 1068 902 1122 et
924 1057 1036 1141 frigus,
1057 1059 1128 1140 ipsa
1149 1077 1214 1120 non
1238 1056 1465 1141 percipiuntur

313 1164 355 1228 ad
371 1175 494 1229 tactum
508 1187 516 1240 ;
538 1173 572 1228 at
588 1162 678 1228 calor
693 1168 802 1227 aeirem
819 1163 990 1244 expandit,
1006 1163 1109 1245 frigus
1124 1161 1297 1226 contrahit.
1342 1161 1463 1243 Neque

313 1289 422 1333 rursus
438 1267 493 1332 illa
508 1266 669 1352 expansio
685 1277 719 1330 et
735 1267 918 1332 contractio
932 1267 1016 1330 aeris
1031 1267 1209 1350 percipitur
1221 1266 1263 1328 ad
1275 1265 1400 1328 visum:
1424 1274 1462 1328 at

312 1380 370 1436 aer
383 1371 437 1436 ille
451 1391 620 1454 expansus
635 1391 756 1455 aquam
772 1371 937 1453 deprimit,
952 1381 1141 1435 contractus
1162 1367 1306 1446 attollit;
1329 1389 1369 1433 ac
1387 1379 1458 1433 tum

313 1477 447 1540 demum
464 1474 502 1539 fit
518 1476 675 1540 deductio
686 1477 728 1540 ad
745 1476 862 1552 visum,
881 1493 946 1538 non
963 1485 1048 1552 ante,
1064 1482 1121 1538 aut
1136 1472 1227 1537 alias.

359 1579 519 1644 Similiter
533 1580 574 1643 sit
597 1589 714 1642 natura
733 1578 886 1660 inquisita
908 1577 1050 1642 Mistura
1071 1577 1277 1660 Corporum:
1299 1577 1361 1640 viz.
1379 1577 1461 1659 quid

312 1683 456 1748 habeant
479 1703 523 1746 ex
545 1703 662 1765 aqueo,
685 1683 833 1765 quidex
854 1679 977 1758 oleoso,
999 1681 1079 1764 quid
1103 1701 1146 1744 ex
1169 1681 1295 1764 spiritu,
1315 1681 1393 1763 quid
1416 1703 1462 1744 ex

313 1788 422 1851 cinere
438 1796 471 1850 ct
486 1786 618 1864 salibus,
634 1797 668 1850 et
683 1785 892 1867 hujusmodi3
915 1785 968 1848 vel
984 1785 1084 1850 etiam
1100 1783 1147 1870 (in
1163 1783 1363 1871 particulari)
1379 1786 1459 1868 quid

313 1891 436 1954 habeat
452 1891 502 1955 lac
517 1891 637 1972 butyri,
654 1891 733 1973 quid
750 1888 890 1972 coaguli,
905 1890 985 1972 quid
1002 1888 1074 1968 seri,
1087 1901 1120 1954 et
1135 1889 1334 1971 hujusmodi.
1366 1889 1459 1952 Haec

313 1995 522 2059 deducuntur
536 1995 578 2059 ad
594 2015 725 2058 sensum
742 2014 801 2078 per
822 1993 1013 2058 artificiosas
1032 2005 1067 2058 et
1087 1994 1207 2077 peritas
1228 1993 1458 2076 separationes,

312 2107 475 2180 quatenus
495 2099 538 2162 ad
559 2098 737 2180 tangibilia
783 2097 834 2161 At
855 2106 970 2161 natura
991 2097 1124 2180 spiritus
1144 2097 1177 2160 in
1198 2097 1286 2179 ipsis,
1302 2096 1378 2162 licet
1398 2097 1460 2160 im·

314 2203 457 2265 mediate
473 2221 537 2264 non
550 2201 757 2285 percipiatur,
769 2211 880 2264 tamen
893 2201 1149 2284 deprehenditur
1161 2220 1220 2284 per
1230 2201 1339 2265 varios
1351 2210 1460 2264 motus

313 2314 347 2368 et
362 2305 461 2368 nixus
477 2324 652 2388 corporum
665 2304 874 2386 tangibilium
897 2305 929 2369 in
951 2304 1023 2388 ipso
1043 2315 1118 2368 actu
1140 2314 1174 2368 et
1194 2323 1347 2386 processu
1365 2325 1460 2386 sepa·

313 2411 449 2473 rationis
479 2430 576 2483 suae3
613 2419 715 2490 atque
746 2409 846 2472 etiam
875 2429 934 2490 per
961 2407 1164 2484 acrimonias,
1191 2408 1401 2484 corrosiones,
1426 2419 1460 2472 et

313 2513 459 2577 diversos
478 2511 613 2589 colores,
629 2513 757 2590 odores,
778 2522 811 2574 et
830 2532 965 2594 sapores
986 2513 1166 2576 eorundem
1189 2531 1363 2594 corporum
1384 2521 1460 2593 post

312 2616 564 2698 separationem.
608 2613 724 2696 Atque
750 2615 781 2676 in
808 2615 870 2679 hac
895 2625 996 2698 parte,
1025 2636 1084 2698 per
1110 2614 1338 2680 distillationes
1360 2625 1461 2696 atque

313 2718 505 2782 artificiosas
521 2719 754 2800 separationes,
766 2729 897 2782 strenue
910 2739 990 2782 sane
1001 2719 1043 2782 ab
1055 2718 1243 2783 hominibus
1254 2719 1460 2783 elaboratum

312 2832 382 2897 est;
403 2823 464 2886 sed
487 2843 552 2884 non
577 2822 682 2885 multo
706 2821 853 2886 foelicius
875 2841 974 2906 quam
1000 2823 1032 2886 in
1056 2823 1191 2887 caeteris
1214 2824 1460 2906 experimentis,

313 2947 397 3008 quae
413 2927 521 2990 adhuc
538 2926 570 2988 in
588 2947 647 2990 usu
663 2937 758 2990 sunt:
783 2928 890 2990 modis
902 2927 1056 2989 nimirum
1069 2947 1200 3010 prorsus
1212 2927 1414 3009 palpatoriis‚
1426 2937 1461 2990 et

312 3031 371 3091 viis
386 3029 499 3105 caecis,
515 3040 548 3092 et
566 3029 669 3111 magis
685 3049 939 3112 operosequam
956 3029 1194 3112 intelligenter;
1217 3040 1251 3094 et
1267 3025 1370 3114 (quod
1387 3049 1460 3112 pes·

312 3136 431 3197 simum
455 3130 518 3218 est)
541 3132 628 3197 nulla
650 3154 725 3198 cum
749 3135 935 3197 imitatione
957 3146 1015 3198 aut
1038 3134 1258 3199 aemulatione
1280 3144 1416 3198 naturae
1425 3131 1461 3210 ⁶⁸,

312 3239 370 3301 sed
401 3257 476 3301 cum
507 3237 728 3302 destructione
754 3235 826 3322 (per
852 3237 976 3302 calores
1001 3239 1215 3302 vehementes
1240 3248 1297 3302 aut
1323 3237 1461 3301 virtutes

312 3341 407 3404 nimis
427 3337 568 3424 validas)
586 3341 694 3403 omnis
715 3341 893 3406 subtilioris
916 3341 1149 3417 schematismi‚
1168 3342 1201 3404 in
1223 3361 1291 3423 quo
1313 3340 1460 3406 occultae

312 3465 418 3508 rerum
434 3445 570 3507 virtutes
586 3454 618 3506 et
635 3465 809 3509 consensus
825 3446 999 3528 praecipue
1014 3447 1096 3509 sitae
1111 3454 1197 3510 sunt.
1242 3445 1361 3527 Neque
1379 3445 1460 3508 illud

312 3549 420 3624 etiam,
443 3549 532 3629 quod
566 3547 646 3610 alias
677 3550 865 3613 monuimus
875 3548 909 3624 ⁶⁰,
940 3550 1130 3613 hominibus
1161 3549 1195 3610 in
1226 3559 1371 3612 mentem
1403 3559 1461 3614 aut

344 3801 367 3834 ⁶²
386 3803 413 3858 ii.
429 3818 460 3872 13
476 3801 542 3872 (38).

347 3885 369 3918 ⁰⁸
388 3890 440 3957 Cp.
453 3888 501 3942 the
514 3884 678 3957 interesting
693 3904 812 3958 passage
831 3887 860 3941 in
880 3889 925 3942 De
937 3887 1112 3957 Augmentis,
1125 3905 1151 3942 v.
1165 3901 1181 3940 2
1195 3885 1241 3957 (E.
1255 3889 1312 3943 and
1326 3889 1364 3956 S.,
1376 3890 1431 3943 vol.
1444 3888 1461 3943 i.

311 3987 357 4041 pp.
376 3970 485 4038 627-8).
533 3971 596 4025 The
619 3988 741 4040 passage
765 3972 915 4025 concludes
934 3971 997 4025 with
1023 3971 1070 4026 the
1096 3980 1244 4026 sentence:
1282 3972 1461 4028 ‘Debuerant

311 4065 405 4109 autem
418 4052 554 4122 homines,
569 4055 591 4108 si
605 4054 659 4108 illis
672 4053 750 4108 utilia
763 4053 900 4124 inquirere
912 4063 1033 4121 vacaret,
1046 4055 1184 4110 naturalia
1195 4054 1307 4125 opificia
1318 4065 1346 4110 et
1363 4073 1461 4126 opera·

311 4137 403 4192 tiones
422 4137 545 4206 singulas
563 4146 669 4192 attente
688 4147 716 4191 et
735 4136 865 4191 minutim
883 4147 910 4192 et
929 4155 962 4191 ex
986 4138 1141 4207 composito
1166 4137 1283 4206 intueri;
1312 4150 1340 4195 et
1365 4157 1461 4196 secum

310 4229 444 4290 perpetuo
456 4230 484 4274 et
496 4220 598 4274 acriter
610 4220 741 4289 cogitare,
754 4236 894 4290 quaenam
906 4238 939 4274 ex
953 4219 1020 4291 ipsis
1037 4221 1074 4275 ad
1092 4231 1167 4278 artes
1185 4222 1326 4278 transferri
1345 4222 1460 4292 possint.

312 4305 461 4373 Speculum
473 4303 548 4358 enim
561 4303 629 4358 artis
642 4304 759 4359 natura.’

345 4383 368 4416 ⁶⁹
385 4386 413 4442 ii.
426 4400 451 4452 7.
489 4386 559 4440 This
572 4387 682 4442 remark
696 4387 786 4441 shews
799 4386 860 4440 that
874 4388 968 4441 Bacon
982 4405 1039 4442 was
1057 4387 1124 4457 fully
1136 4405 1228 4444 aware
1246 4388 1279 4444 of
1292 4406 1347 4444 one
1365 4389 1397 4444 ol
1412 4391 1460 4446 the

311 4470 446 4540 principal
460 4487 571 4526 sources
584 4471 615 4524 ol
625 4470 773 4540 deception
787 4469 815 4524 in
830 4469 1095 4540 experimentation3
1123 4474 1244 4542 namely,
1257 4474 1318 4528 that
1337 4473 1385 4530 the
1403 4491 1462 4540 em-,
