3358 5152
625 338 704 394 ΜΒ.
727 339 752 394 I.
779 347 958 410 102-104.
1304 343 1367 415 307

218 473 344 571 anova
363 501 437 568 luce
454 499 712 568 Axiomatum⁸⁹
735 524 779 568 ex
797 502 1047 587 particularibus
1069 502 1133 568 illis
1155 513 1244 570 certa
1261 502 1316 568 via
1335 511 1370 566 et

219 608 333 692 regula
356 609 560 686 eductorum,
582 628 669 691 quae
692 628 801 672 rursus
828 627 913 673 nova
939 607 1146 691 particularia
1168 607 1313 672 indicent
1336 616 1370 672 et

219 712 403 796 designent.
449 712 570 796 Neque
581 713 670 778 enim
683 713 717 776 in
729 712 833 796 plano
844 713 897 777 via
910 713 972 778 sita
987 713 1078 792 est⁹⁰,
1089 713 1148 778 sed
1161 710 1370 778 ascendendo

219 825 252 880 et
264 817 512 896 descendendo;
534 817 746 882 ascendendo
758 817 867 900 primo
878 817 921 882 ad
930 816 1126 893 Axiomata,
1139 815 1371 884 descendendo

219 921 262 986 ad
279 920 400 1004 Opera.

752 1007 842 1076 CIV.

264 1136 382 1218 Neque
395 1145 508 1201 tamen
524 1138 783 1222 permittendum
799 1149 858 1212 est,
878 1149 914 1204 ut
936 1137 1119 1204 intellectus
1134 1158 1154 1201 a
1169 1134 1373 1220 particulari·

221 1243 283 1304 bus
305 1242 349 1306 ad
370 1242 543 1306 axiomata
565 1253 694 1309 remota
713 1252 746 1308 et
768 1243 862 1328 quasi
884 1243 1129 1327 generalissima
1149 1236 1273 1328 (qualia
1295 1247 1372 1302 sunt

221 1345 391 1429 principia,
407 1365 494 1428 quae
508 1355 638 1424 vocant,
654 1349 776 1413 artium
792 1357 825 1412 et
843 1347 967 1429 rerum)
982 1347 1079 1412 saliat
1095 1355 1129 1411 et
1143 1345 1253 1420 volet;
1275 1352 1309 1408 et
1329 1340 1373 1405 ad

221 1470 335 1514 eorum
366 1449 740 1518 immotamveritatem
770 1452 941 1518 axiomata
968 1451 1076 1517 media
1102 1450 1222 1533 probet
1252 1456 1286 1512 et
1312 1466 1373 1512 ex·

222 1543 385 1638 pediat⁹¹=
408 1557 499 1638 quod
513 1556 622 1621 adhuc
634 1557 758 1622 factum
777 1567 837 1636 est,
849 1578 954 1642 prono
965 1555 1084 1621 adhoc
1096 1555 1222 1638 impetu
1235 1549 1374 1616 naturali

222 1658 418 1736 intellectus
441 1669 541 1742 atque
563 1660 663 1724 etiam
689 1663 732 1726 ad
760 1662 823 1726 hoc
850 1662 968 1742 ipsum,
990 1680 1049 1744 per
1074 1655 1374 1724 demonstrationes

223 1783 309 1845 quae
321 1761 403 1827 fiunt
419 1782 477 1847 per
492 1763 733 1849 syllogismum,
745 1764 947 1848 jampridem
958 1766 1078 1829 edocto
1095 1772 1129 1827 et
1143 1757 1373 1826 assuefactotss.

225 1865 292 1930 Sed
313 1867 356 1932 de
378 1867 522 1932 scientiis
537 1877 608 1932 tum
625 1869 759 1933 demum
776 1870 861 1934 bene
875 1869 1074 1953 sperandum
1090 1877 1149 1940 est,
1165 1864 1300 1949 quando
1316 1883 1376 1948 per

222 1969 345 2034 scalam
360 1991 483 2050 veram,
499 1981 533 2036 et
553 1993 613 2056 per
633 1974 755 2056 gradus
774 1973 949 2039 continuos
963 1983 997 2038 et
1012 1993 1078 2036 non
1099 1969 1303 2036 intermissos
1317 1976 1375 2033 aut

223 2074 358 2154 hiulcos
380 2096 402 2140 a
423 2074 676 2159 particularibus
706 2078 902 2143 ascendetur
923 2079 966 2142 ad
989 2077 1159 2142 axiomata
1182 2075 1318 2150 minora,
1341 2082 1376 2135 et

223 2179 343 2244 deinde
359 2180 404 2245 ad
422 2180 540 2257 media,
555 2179 620 2245 alia
637 2181 711 2246 aliis
732 2183 911 2266 superiora,
930 2191 963 2246 et
985 2191 1153 2266 postremo
1174 2181 1308 2244 demum
1331 2177 1375 2241 ad

224 2283 480 2368 generalissima.
526 2284 662 2350 Etenim
678 2287 849 2351 axiomata
867 2285 981 2350 infima
1005 2305 1070 2349 non
1092 2283 1232 2348 multum
1251 2283 1295 2346 ab
1314 2301 1375 2348 ex·

224 2388 383 2474 perientia
399 2389 489 2454 nuda
504 2389 701 2474 discrepant.
741 2390 905 2475 Suprema
916 2411 995 2454 vero
1010 2390 1066 2454 illa
1082 2399 1115 2453 et
1130 2386 1377 2471 generalissima

224 2491 324 2578 (quae
346 2491 523 2578 habentur)
539 2494 720 2559 notionalia
729 2494 756 2533 ⁹³
777 2505 853 2560 sunt
875 2505 909 2560 et
928 2497 1102 2570 abstracta,
1126 2501 1159 2557 et
1181 2489 1228 2555 nil
1250 2491 1376 2555 habent

224 2597 332 2662 solidi.
377 2594 427 2659 At
449 2597 558 2661 media
576 2607 654 2662 sunt
673 2600 845 2666 axiomata
864 2598 919 2663 illa
935 2619 1011 2663 vera
1027 2609 1060 2663 et
1076 2596 1182 2661 solida
1197 2606 1230 2660 et
1245 2595 1327 2682 viva,
1342 2593 1375 2658 in

224 2702 344 2784 quibus
367 2701 532 2765 humanae
555 2723 606 2766 res
629 2713 664 2767 et
685 2703 836 2767 fortunae
857 2703 940 2768 sitae
961 2699 1094 2778 sunt⁹⁴;
1117 2711 1150 2765 et
1174 2719 1272 2783 supra
1293 2698 1375 2762 haec

225 2889 388 2960 Organum’
401 2889 425 2944 is
437 2890 497 2945 that
516 2891 564 2946 the
577 2890 681 2947 former
695 2892 830 2961 proceeds
843 2893 898 2948 ‘ab
910 2889 1106 2962 experimentis
1122 2890 1160 2944 ad
1172 2887 1376 2959 experimenta,'

224 2975 272 3030 the
289 2974 371 3028 latter
385 2973 440 3027 ‘ab
458 2973 655 3043 experimentis
673 2975 711 3029 ad
722 2973 870 3044 axiomata,
883 2992 955 3047 quae
973 2985 1001 3029 et
1021 2974 1082 3044 ipsa
1099 2990 1172 3028 nova
1188 2972 1378 3041 experimenta

225 3055 391 3126 designent.¹
429 3057 521 3111 Fora
539 3057 587 3111 full
606 3067 723 3113 account
742 3059 774 3113 of
788 3059 967 3129 Experientia
981 3058 1103 3113 Literata
1123 3056 1181 3111 and
1202 3055 1250 3110 the
1266 3054 1377 3110 various

225 3141 324 3196 modes
337 3139 368 3194 of
376 3139 597 3210 experimenting
608 3140 697 3196 which
712 3141 732 3196 it
745 3141 878 3209 includes,
889 3159 936 3197 see
947 3143 995 3198 the
1007 3142 1073 3211 long
1085 3156 1205 3211 passage
1217 3148 1246 3196 at
1260 3140 1308 3194 the
1320 3137 1378 3193 end

225 3222 256 3278 of
272 3224 319 3278 De
337 3223 515 3292 Augmentis,
531 3223 579 3278 lib.
592 3223 619 3278 ii.
637 3241 698 3295 cap.
713 3237 725 3294 5
748 3225 794 3294 (Ε.
807 3225 863 3280 and
879 3227 915 3292 S,
931 3226 984 3281 vol.
998 3224 1016 3280 i.
1032 3241 1079 3295 pp.
1092 3221 1238 3292 622-633).
1275 3222 1316 3277 Of
1330 3223 1378 3277 the

225 3305 337 3362 various
359 3307 458 3361 modes
479 3306 510 3362 of
526 3306 752 3378 experimenting,
773 3309 926 3364 Traductio
949 3326 982 3362 or
1003 3307 1164 3362 Translatio
1186 3307 1210 3362 is
1232 3307 1297 3377 only
1313 3321 1377 3366 one,

225 3389 282 3444 and
295 3390 343 3446 the
356 3388 510 3445 ‘traductio
522 3390 775 3460 experimentorum
787 3391 869 3447 unius
882 3392 949 3447 artis
963 3392 991 3446 in
1004 3390 1092 3457 alias,’
1104 3390 1196 3460 again,
1210 3391 1233 3446 is
1245 3391 1311 3458 only
1322 3403 1377 3444 one

225 3472 331 3543 variety
343 3473 375 3527 of
383 3471 448 3528 this.
484 3473 547 3527 The
566 3474 679 3530 student
692 3474 748 3529 will
763 3475 820 3530 find
838 3476 887 3532 the
906 3492 1026 3546 passage
1044 3474 1072 3530 in
1090 3475 1138 3530 the
1152 3475 1197 3529 De
1209 3471 1376 3544 Augmentis

224 3556 314 3612 above
327 3556 449 3612 referred
461 3565 499 3622 to,
513 3556 765 3628 notwithstanding
777 3558 813 3614 its
825 3559 930 3628 length,
944 3559 976 3614 of
984 3568 1063 3629 great
1077 3558 1199 3613 interest.

260 3637 282 3670 ⁸⁸
301 3639 353 3711 Cp.
374 3641 420 3695 De
439 3639 613 3710 Augmentis,
632 3642 649 3695 l.
668 3659 711 3696 c:
739 3643 834 3696 ‘Nam
854 3644 948 3698 lumen
969 3642 1062 3713 ipsum
1082 3643 1119 3696 ab
1143 3639 1377 3712 Interpretatione

226 3723 360 3790 Naturae,
373 3723 434 3778 sive
448 3724 531 3777 Novo
545 3725 667 3793 Organo,
680 3726 833 3794 petendum
846 3725 904 3780 est’

261 3803 284 3836 ⁰⁰
302 3806 454 3876 Examples
476 3806 509 3861 of
525 3807 574 3862 the
597 3808 713 3879 upward
736 3825 851 3878 process
870 3825 942 3864 were
962 3819 992 3864 to
1013 3809 1049 3864 be
1070 3807 1153 3878 given
1175 3808 1203 3862 in
1228 3808 1275 3864 the
1294 3807 1378 3864 Scala

227 3889 397 3957 Intellectus,
410 3907 442 3944 or
453 3890 546 3945 fourth
562 3900 623 3961 part
637 3889 669 3944 of
680 3891 727 3946 the
742 3891 912 3947 Instauratio
926 3892 1042 3962 hlagna,
1054 3891 1135 3946 while
1151 3891 1199 3946 the
1217 3890 1376 3946 downward
1442 3919 1449 3936 ·

226 3989 347 4043 process,
365 3989 398 4028 or
415 3973 584 4045 application
603 3983 632 4028 to
650 3974 781 4048 practice,
800 3992 858 4030 was
879 3975 1010 4032 reserved
1027 3975 1071 4030 for
1087 3975 1135 4030 the
1154 3973 1227 4029 sixth
1246 3973 1303 4028 and
1322 3975 1376 4028 last

224 4064 296 4126 part.

261 4135 281 4168 ⁰¹
301 4139 353 4208 Cp.
366 4138 440 4209 Aph.
456 4153 488 4208 19
500 4139 558 4194 and
570 4149 636 4196 note
648 4155 692 4195 22.

261 4219 283 4252 ⁸¹
301 4223 353 4291 Cp.
365 4222 440 4292 Aph.
453 4237 496 4278 eo.

262 4301 283 4334 '⁸
301 4305 378 4360 That
391 4303 424 4373 is,
437 4306 560 4364 founded
574 4305 602 4361 in
615 4308 663 4364 the
676 4306 790 4364 notions
802 4307 834 4363 of
841 4308 888 4366 the
901 4308 1006 4363 human
1023 4307 1109 4376 mind,
1123 4306 1235 4363 instead
1247 4305 1278 4362 of
1287 4305 1315 4360 in
1327 4305 1376 4359 the

226 4385 348 4444 realities
360 4389 393 4444 of
400 4399 508 4445 nature.

263 4469 283 4501 ’⁴
304 4471 354 4542 Cp.
366 4473 415 4528 the
429 4473 482 4528 last
494 4475 654 4545 paragraph
666 4475 697 4530 of
705 4467 780 4545 Aph.
792 4473 837 4543 66,
849 4476 908 4530 and
920 4485 986 4531 note
1000 4487 1040 4546 57.

769 4576 794 4626 X
812 4579 830 4628 2
