3250 5138
373 421 436 492 572
752 415 907 470 novun
928 413 1146 470 ononnwrr.

373 583 520 658 fecimus,
530 581 684 666 ponendo
692 601 759 660 vas,
768 601 895 646 necnon
905 580 1016 664 aliqua
1025 581 1089 644 alia
1099 599 1247 664 corpora,
1258 579 1342 644 intra
1351 589 1513 663 argentum

372 689 494 761 vivum,
505 689 594 769 quod
608 687 758 750 omnium
770 683 868 769 longe
881 686 1110 749 densissimum
1123 695 1173 748 est
1185 705 1229 748 ex
1241 685 1279 747 iis
1290 705 1375 767 quae
1386 685 1513 749 circum·

374 791 465 855 fundi
489 801 633 874 possunt.
689 789 882 872 Quinetiam
909 811 1025 872 specus
1055 797 1089 853 et
1111 809 1270 853 cavernae
1296 789 1513 852 subterraneae

375 895 485 978 magni
497 915 575 958 usus
587 903 664 957 sunt
676 895 718 957 ad
732 893 974 977 prohibendum
987 889 1250 958 insolationem⁹⁴
1260 901 1293 956 et
1303 899 1412 956 aerem
1424 892 1513 954 istun

374 1009 524 1080 apertum
542 999 810 1082 praedatorium3
833 997 985 1080 qualibus
1002 1007 1137 1060 utuntur
1150 995 1306 1060 Germani
1319 994 1513 1078 Septentrio

375 1103 464 1166 nales
477 1123 536 1186 pro
547 1103 716 1184 granariis.
750 1101 888 1165 Necnon
902 1101 1058 1184 repositio
1071 1120 1246 1184 corporum
1263 1101 1295 1162 in
1307 1098 1409 1162 fundo
1421 1119 1513 1181 aqua·

374 1227 446 1268 rum
459 1208 502 1270 ad
515 1206 578 1269 hoc
590 1215 737 1288 spectat:
754 1214 790 1268 ut
802 1205 937 1268 memini
951 1225 1004 1268 me
1015 1205 1186 1288 quippiam
1199 1204 1330 1267 audisse
1341 1204 1384 1266 de
1396 1204 1513 1266 utribus

374 1311 440 1372 vini
453 1311 605 1372 demissis
621 1311 653 1371 in
666 1308 865 1392 profundum
876 1319 1024 1392 puteum,
1036 1310 1078 1372 ad
1096 1308 1373 1391 infrigidationem
1389 1307 1512 1372 scilicet

374 1413 432 1477 sed
449 1432 526 1476 casu
543 1423 576 1476 et
592 1433 651 1494 per
665 1413 852 1495 neglectum
867 1433 906 1476 ac
920 1413 1121 1476 oblivionem
1143 1413 1264 1476 ibidem
1281 1412 1513 1475 remanentibus

374 1537 434 1599 per
450 1516 571 1581 multos
587 1537 699 1594 annos,
715 1527 748 1581 et
769 1517 888 1581 deinde
904 1517 1081 1594 extractis;
1106 1516 1192 1580 unde
1206 1517 1320 1579 vinum
1335 1516 1456 1579 iactum
1473 1527 1513 1577 est

375 1641 441 1684 non
454 1621 560 1685 solum
573 1642 639 1685 non
652 1621 810 1702 vapidum
825 1630 883 1683 aut
897 1629 1094 1692 emortuum,
1105 1620 1162 1684 sed
1176 1619 1282 1683 multo
1295 1619 1401 1702 magis
1414 1618 1513 1681 nobil<

375 1726 417 1787 ad
442 1735 585 1806 gustum,
611 1745 671 1808 per
691 1725 966 1788 commixtionem
989 1725 1133 1807 partium
1156 1744 1288 1788 suarum
1312 1724 1363 1806 (ut
1380 1721 1513 1804 videtur]

376 1829 482 1910 magis
494 1829 707 1911 exquisitam.
738 1827 839 1910 Quod
853 1829 879 1890 si
893 1827 1037 1910 postulet
1050 1849 1100 1892 res
1113 1837 1149 1892 ut
1160 1849 1297 1911 corpora
1307 1827 1513 1891 demittantur

374 1933 418 1997 ad
433 1932 571 1996 lundum
581 1945 756 2015 aquarum,
768 1930 868 1995 veluti
882 1932 967 1995 intra
983 1930 1098 1996 fluvios
1114 1939 1171 1996 aut
1187 1951 1284 2008 mare,
1296 1951 1403 2012 neque
1414 1939 1513 1994 tamer

374 2056 478 2118 aquas
494 2046 641 2118 tangant,
657 2056 717 2100 nec
733 2035 766 2099 in
781 2036 915 2100 vasibus
930 2036 1092 2100 obturatis
1113 2035 1359 2110 concludantur,
1376 2035 1433 2098 sed
1450 2041 1513 2096 aeri

267 2157 278 2179 ·
374 2149 504 2203 tantum
526 2141 788 2218 circumdentur3
815 2141 921 2205 bonus
942 2149 992 2204 est
1013 2161 1090 2204 usus
1105 2141 1192 2203 vasis
1213 2138 1298 2202 illius
1318 2138 1408 2220 quod
1432 2137 1510 2201 adhi

375 2243 481 2308 bitum
508 2255 558 2308 est
588 2264 823 2327 nonnunquam
855 2246 898 2308 ad
925 2245 1129 2328 operandum
1160 2244 1272 2307 subter
1302 2243 1397 2324 aquis
1427 2263 1513 2324 supe:

376 2349 507 2431 navigia
536 2350 695 2425 demersa,
720 2359 756 2413 ut
787 2349 969 2412 urinatores
998 2349 1121 2412 diutius
1152 2367 1284 2410 manere
1310 2347 1436 2430 possint
1463 2346 1513 2408 sul

376 2454 478 2535 aquis,
505 2462 539 2516 et
566 2454 738 2536 pervices
767 2455 810 2517 ad
841 2463 974 2536 tempus
1004 2453 1174 2535 respirare.
1224 2451 1311 2515 lllud
1336 2449 1513 2532 hujusmod

376 2565 457 2620 erat.
511 2555 761 2620 Conficiebatur
792 2559 920 2620 dolium
959 2577 1002 2621 ex
1040 2556 1175 2620 metallo
1213 2575 1404 2630 concavum,
1434 2575 1513 2637 quo<

377 2661 615 2725 demittebatur
644 2660 861 2744 aequabiliter
889 2661 933 2726 ad
963 2661 1168 2745 superficiem
1202 2680 1318 2744 aquae,
1349 2669 1449 2742 atque
1482 2659 1513 2722 si

375 2765 575 2846 deportabat
597 2775 706 2830 totum
731 2773 841 2830 aeirem
865 2767 922 2848 qui
947 2766 1176 2830 continebatur
1193 2765 1225 2828 in
1248 2764 1338 2828 dolio
1359 2784 1469 2827 secum
1494 2765 1513 2824 ir

377 2869 516 2932 fundum
543 2870 652 2933 maris.
703 2868 823 2934 Stabat
849 2879 962 2932 autem
989 2891 1087 2953 super
1113 2870 1214 2952 pedes
1240 2879 1306 2932 tres
1329 2867 1449 2951 (instar
1470 2869 1513 2930 tri

377 2969 497 3058 podis),
512 2974 568 3054 qui
588 2973 802 3055 longitudinis
819 2983 912 3037 erant
931 2973 1101 3055 aliquanto
1121 2973 1255 3036 minoris
1272 2981 1399 3036 statura
1418 2971 1511 3033 homi

377 3078 446 3152 nis;
470 3077 516 3141 ita
531 3088 568 3141 ut
584 3079 732 3141 urinator
747 3087 867 3160 posset,
884 3099 959 3143 cum
982 3078 1146 3141 anhelitus
1167 3075 1332 3154 deficeret,
1348 3077 1513 3138 immittes

376 3191 476 3265 caput
491 3182 524 3244 in
540 3203 656 3244 cavum
672 3182 761 3261 dolii,
773 3194 806 3247 et
822 3184 989 3265 respirare,
1004 3195 1037 3248 et
1054 3183 1173 3246 deinde
1189 3201 1272 3263 opus
1287 3181 1481 3245 continuare
1491 3178 1513 3217 ⁹⁵

412 3418 435 3450 ⁹⁴
455 3420 563 3490 Drying
583 3421 611 3474 in
630 3422 677 3476 tbe
697 3438 759 3488 sun,
774 3439 806 3476 or
824 3437 959 3491 exposure
978 3431 1007 3475 to
1026 3423 1073 3476 the
1089 3439 1149 3476 sun.
1187 3421 1249 3475 The
1266 3421 1343 3476 word
1361 3421 1383 3476 is
1401 3424 1471 3476 used
1489 3423 1513 3492 b]

379 3502 468 3571 Pliny,
484 3505 549 3558 Nat.
565 3503 639 3558 Hist.
652 3505 704 3558 xxi.
720 3519 752 3572 14
767 3503 833 3572 (49),
848 3515 915 3558 sect.
930 3505 972 3570 84.

413 3584 435 3617 ⁹⁶
454 3587 504 3656 Cp.
520 3586 647 3642 Historia
667 3588 756 3642 Densi
772 3599 800 3643 et
819 3588 895 3654 Rari,
914 3589 948 3641 E.
966 3587 1023 3642 and
1041 3590 1079 3656 5.,
1096 3589 1151 3644 vol.
1167 3588 1194 3643 ii.
1208 3606 1234 3658 p.
1252 3602 1313 3658 299.
1362 3589 1513 3644 Beckman:

352 3696 355 3704 ·
380 3669 509 3739 (History
527 3670 559 3723 os
574 3671 748 3740 Inventions)
766 3673 817 3726 has
833 3689 851 3726 a
867 3672 934 3740 long
950 3671 1048 3726 article
1065 3689 1101 3726 on
1118 3673 1165 3726 the
1182 3671 1289 3740 history
1301 3671 1333 3726 os
1347 3672 1455 3741 Diving
1471 3691 1513 3726 an

380 3753 581 3822 Diving-Bells.
618 3755 697 3808 ‘The
710 3755 799 3809 oldest
811 3755 1003 3821 information,’
1013 3755 1048 3808 he
1061 3772 1134 3824 says,
1146 3755 1222 3810 ‘that
1232 3773 1273 3810 we
1286 3755 1358 3810 have
1369 3756 1513 3826 respectin,

378 3837 426 3890 the
440 3855 489 3891 use
501 3836 533 3890 ol
542 3838 590 3891 the
608 3836 771 3906 diving-bell
790 3837 817 3892 in
834 3839 947 3908 Europe
964 3838 987 3892 is
1003 3839 1064 3892 that
1080 3839 1112 3892 of
1125 3839 1199 3909 John
1217 3837 1355 3907 Taisnier,
1368 3841 1475 3908 quoted
1492 3841 1511 3893 b

379 3920 486 3975 Schott.
532 3921 594 3974 The
606 3921 717 3988 former,
731 3921 793 3975 who
806 3939 862 3976 was
875 3922 945 3976 born
958 3931 987 3975 at
1002 3921 1136 3976 Haiuault
1154 3921 1182 3974 in
1203 3933 1278 3990 1509,
1295 3921 1352 3975 had
1368 3939 1386 3977 a
1403 3924 1485 3992 place
1503 3940 1513 3976 s

379 4013 457 4057 court
471 4004 560 4057 under
572 4005 688 4059 charles
701 4005 735 4072 V,
748 4005 840 4058 whom
852 4005 888 4058 he
904 4005 1039 4058 attended
1055 4022 1091 4059 on
1107 4005 1152 4058 his
1164 4021 1271 4073 voyage
1287 4015 1317 4059 to
1329 4005 1433 4060 Africa.
1485 4009 1513 4060 H

379 4087 479 4141 relatos
493 4087 521 4140 in
535 4087 609 4141 what
621 4105 738 4142 manner
751 4089 786 4142 he
800 4105 856 4141 saw
868 4099 897 4142 at
910 4089 1017 4142 Toledo
1032 4087 1071 4157 [in
1087 4101 1117 4158 15
1120 4088 1176 4157 38],
1190 4087 1218 4141 in
1232 4089 1280 4142 the
1292 4105 1426 4157 presence
1439 4088 1473 4142 ol
1483 4091 1513 4142 th

379 4185 508 4238 emperor
520 4169 577 4222 and
590 4172 697 4224 several
709 4171 849 4224 thousand
863 4179 1026 4240 spectators,
1037 4181 1091 4224 two
1102 4172 1210 4225 Greeks
1220 4171 1256 4226 let
1267 4172 1437 4226 themselves
1447 4173 1513 4226 dow

380 4252 469 4305 under
482 4261 575 4318 water,
589 4252 617 4304 in
630 4270 648 4306 a
660 4254 737 4322 large
749 4253 874 4307 inverted
891 4254 984 4321 kettle,
998 4253 1063 4307 with
1080 4271 1098 4307 a
1115 4254 1237 4323 buming
1254 4253 1333 4324 light,
1347 4256 1403 4309 and
1420 4256 1476 4310 rise
1494 4275 1513 4310 u

380 4333 463 4403 again
477 4335 591 4388 without
603 4335 686 4404 being
698 4339 766 4390 wet’
810 4337 872 4390 The
885 4336 1048 4405 diving-bell
1062 4353 1118 4390 was
1131 4338 1279 4407 employed
1290 4338 1335 4392 for
1347 4339 1395 4392 the
1408 4355 1513 4408 purpos

379 4417 411 4553 pp
426 4417 519 4553 tryipg
537 4427 565 4471 to
583 4435 697 4472 recover
714 4429 776 4488 part
795 4419 826 4472 ol
842 4419 888 4475 the
908 4419 989 4490 spoil‚
1007 4420 1078 4474 alter
1097 4421 1146 4474 the
1165 4421 1255 4475 wreck
1280 4420 1310 4475 oi
1331 4421 1379 4476 the
1404 4423 1512 4490 Spanis

407 4517 466 4553 rma
488 4517 513 4553 a.
