3358 5152
645 405 774 462 ΗΜ.
801 415 980 476 111-114.
1167 441 1171 448 -
1321 415 1384 486 317

234 567 318 633 inter
332 567 482 634 homines
497 567 614 633 aetatis
626 589 718 632 meae
733 568 883 632 civilibus
898 569 1039 652 negotiis
1052 569 1341 653 occupatissimum
1349 571 1386 648 ²³,

234 693 296 737 nec
312 673 407 737 firma
421 672 601 738 admodum
617 672 805 737 valetudine
820 668 922 757 (qnod
939 693 1096 756 magnum
1112 673 1212 738 habet
1229 677 1387 760 temporis

234 774 466 862 dispendium),
482 787 582 860 atque
604 777 636 840 in
658 776 720 840 hac
744 796 778 839 re
802 776 898 860 plane
920 777 1175 860 protopirum²⁴,
1193 789 1226 842 et
1249 780 1388 864 vestigia

234 881 356 946 nullius
378 891 566 964 sequutum,
581 901 688 964 neque
709 881 791 944 haec
814 881 885 964 ipsa
900 901 975 945 cum
993 879 1060 946 ullo
1084 883 1273 948 mortalium
1297 903 1387 948 com·

237 987 468 1064 municantem‚
491 995 658 1050 ettamen
681 1006 791 1048 veram
814 987 901 1049 viam
932 996 1121 1050 constanter
1147 988 1329 1070 ingressum
1355 997 1388 1052 et

235 1090 403 1174 ingenium
427 1091 523 1154 rebus
545 1090 806 1167 submittentem,
828 1089 910 1155 haec
935 1091 1005 1173 ipsa
1028 1090 1234 1173 aliquatenus
1257 1088 1307 1177 (ut
1329 1113 1388 1156 ex-

236 1191 434 1280 istimamus)
449 1194 660 1278 provexisse:
683 1204 717 1259 et
740 1195 895 1277 deinceps
918 1196 1063 1270 videant,
1079 1195 1159 1275 qnid
1181 1197 1223 1258 ab
1244 1195 1388 1260 homini-

236 1299 298 1362 bus
320 1299 390 1363 otio
411 1297 668 1374 abundantibus,
684 1308 785 1380 atque
804 1319 823 1362 a
841 1298 1010 1362 laboribus
1031 1299 1237 1374 consociatis,
1253 1310 1354 1382 atque
1369 1322 1390 1363 a

237 1412 424 1486 temporum
446 1403 662 1478 successione,
678 1403 850 1486 posthaec
871 1402 990 1467 indicia
1010 1411 1123 1466 nostra
1140 1403 1388 1486 expectandum

236 1503 300 1580 sit3
331 1503 520 1586 praesentim
543 1503 575 1566 in
596 1503 649 1566 via
673 1523 758 1584 qnae
785 1522 850 1566 non
876 1499 1011 1584 singulis
1038 1502 1249 1566 solummodo
1276 1505 1390 1586 pervia

236 1616 288 1672 est
310 1604 362 1692 (ut
385 1607 423 1671 fit
445 1607 478 1669 in
499 1607 553 1670 via
575 1605 631 1669 illa
653 1605 827 1692 rationali),
846 1607 904 1671 sed
929 1607 984 1670 ubi
1007 1606 1179 1671 hominurn
1203 1606 1333 1672 labores
1356 1618 1390 1671 et

237 1731 358 1793 operae
370 1707 574 1794 (pracsertim
588 1721 750 1791 qnantum
765 1711 808 1775 ad
825 1711 1050 1794 experientiae
1063 1709 1250 1796 collectam)
1263 1710 1390 1794 optime

237 1814 388 1880 distribui
418 1823 451 1878 et
480 1815 602 1878 deinde
632 1815 787 1898 componi
817 1815 953 1898 possint.
999 1815 1086 1879 Tum
1118 1815 1206 1879 enim
1237 1815 1390 1879 homines

236 1919 321 1983 vires
343 1939 419 1983 suas
441 1938 537 1983 nosse
561 1918 725 2001 incipient,
748 1937 824 1983 cum
854 1939 919 1982 non
946 1920 1063 1986 eadem
1091 1918 1218 1999 infiniti,
1241 1922 1298 1985 sed
1326 1919 1390 1983 alia

239 2024 292 2087 alii
311 2023 526 2107 praestabunt
535 2020 572 2086 ²⁵.

753 2168 878 2236 CXIV.

282 2311 466 2386 Postremo,
483 2312 612 2376 etiamsi
628 2311 733 2376 multo
749 2311 908 2376 infirmior
926 2322 959 2376 et
977 2313 1147 2377 obscurior
1162 2333 1240 2378 aura
1262 2313 1332 2399 spei
1347 2313 1391 2379 ab

239 2416 305 2480 ista
319 2415 420 2480 Nova
438 2415 624 2482 Continuata
638 2418 809 2500 spiraverit
820 2414 854 2496 ²⁶,
871 2428 984 2482 tamen
1000 2416 1138 2481 omnino
1152 2418 1390 2500 experiendum

241 2541 312 2586 esse
334 2518 408 2607 (nisi
428 2521 567 2585 velimus
589 2523 690 2586 animi
714 2542 786 2586 esse
809 2521 907 2604 plane
928 2519 1061 2608 abjecti)
1082 2521 1268 2586 statuimus.
1313 2522 1391 2586 Non

240 2625 329 2688 enim
345 2646 395 2690 res
414 2625 485 2710 pari
506 2626 651 2708 periculo
671 2646 737 2689 non
758 2635 912 2700 tentatur,
931 2635 965 2689 et
982 2646 1049 2689 non
1069 2627 1236 2703 succedit3
1259 2646 1334 2690 curn
1358 2627 1392 2689 in

241 2728 298 2794 illo
326 2729 467 2814 ingentis
492 2730 579 2807 boni,
606 2731 638 2794 in
664 2729 729 2795 hoc
755 2729 898 2814 exiguae
923 2729 1089 2793 humanae
1113 2751 1242 2813 operae,
1263 2729 1393 2812 jactura

238 2843 395 2898 vertatur.
439 2832 564 2898 Verum
586 2855 630 2899 ex
651 2834 757 2908 dictis,
774 2843 874 2916 atque
895 2833 995 2898 etiam
1013 2854 1057 2897 ex
1080 2853 1146 2896 non
1165 2834 1270 2913 dictis,
1284 2834 1391 2898 visum

275 3073 298 3106 ²⁵
319 3076 352 3129 In
364 3075 412 3130 the
426 3073 555 3143 Cogitata
566 3084 594 3130 et
604 3072 675 3129 Visa
687 3073 734 3143 (E.
747 3075 804 3130 and
818 3077 856 3142 S,
869 3077 921 3130 vol
936 3075 973 3130 iii.
987 3093 1014 3146 p.
1024 3073 1097 3144 619),
1111 3075 1147 3130 he
1160 3075 1262 3146 speaks
1276 3073 1308 3130 οἰ
1320 3073 1392 3129 him-

242 3159 337 3215 sellas
350 3157 448 3213 ‘rebus
465 3157 592 3213 civilibus
608 3159 768 3228 plusquam
781 3160 863 3214 vellet
882 3159 1039 3214 immistus?
1077 3159 1139 3214 'l'he
1157 3158 1287 3214 uniones
1303 3157 1393 3214 scien·

240 3243 299 3299 tific
314 3242 372 3297 and
390 3241 454 3297 civil
471 3242 685 3312 employments,
699 3251 728 3296 to
740 3243 831 3297 which
844 3245 939 3299 Bacon
959 3244 1025 3298 here
1042 3243 1157 3311 alludes,
1170 3241 1295 3298 reminds
1314 3259 1347 3298 us
1366 3243 1399 3298 ol

186 3357 192 3369 =
241 3326 379 3396 Cowley's
391 3325 548 3380 celebrated
560 3324 650 3380 lines:

472 3409 595 3475 ‘nacon
614 3419 642 3464 at
661 3408 722 3476 last,
741 3427 760 3463 a
776 3408 884 3480 mighty
901 3427 977 3476 man,
996 3426 1085 3478 arose,

543 3492 648 3546 Whom
668 3511 686 3546 a
704 3491 770 3547 wise
790 3493 866 3563 King
883 3493 941 3548 and
960 3495 1067 3549 Nature
1085 3494 1171 3550 chose

545 3575 802 3630 Lord·Chancellor
819 3576 851 3630 ol
865 3576 933 3630 both
951 3576 1023 3631 their
1040 3579 1124 3632 lavs’

277 3657 299 3692 ²⁴
318 3660 505 3729 Hportlrtttpos,
524 3659 571 3714 the
593 3658 653 3714 first
674 3675 741 3713 man
760 3670 789 3715 to
808 3659 891 3715 make
909 3661 958 3715 the
977 3659 1047 3714 trial.
1083 3660 1146 3716 The
1165 3671 1292 3728 account,
1311 3659 1395 3730 given

243 3742 271 3798 in
292 3743 340 3799 the
360 3743 561 3810 Introduction,
580 3744 594 3810 §
613 3757 652 3812 13,
670 3741 703 3797 of
716 3744 831 3797 authors
850 3754 1064 3813 contemporary
1077 3743 1142 3797 with
1161 3760 1194 3798 or
1211 3743 1308 3799 earlier
1326 3744 1395 3799 than

245 3829 349 3894 Bacon,
362 3827 425 3882 who
437 3827 494 3882 had
506 3825 676 3896 anticipated
689 3825 815 3896 portione
828 3825 860 3881 oi
873 3826 917 3881 his
933 3827 1071 3896 teaching,
1085 3826 1140 3880 will
1156 3827 1232 3882 shew
1245 3827 1306 3882 that
1316 3827 1396 3882 there

243 3909 266 3966 is
279 3927 356 3966 some
368 3909 567 3980 exaggeration
581 3909 610 3964 in
622 3909 678 3964 this
692 3919 848 3964 statement.
882 3911 1017 3980 Perhaps,
1030 3910 1165 3979 however,
1178 3911 1214 3966 be
1227 3909 1250 3964 is
1262 3909 1396 3980 referring

244 3995 311 4065 only
324 4004 353 4049 to
365 3995 413 4049 the
427 3993 573 4049 Inductive
588 3993 706 4049 Method
720 3993 880 4049 delineated
892 3993 920 4048 in
935 3993 987 4049 Bk.
1000 3991 1027 4048 ii.

279 4076 302 4109 ²³
319 4076 390 4132 This
403 4088 534 4133 sentence
551 4077 642 4132 would
660 4077 731 4132 form
748 4093 766 4130 a
778 4077 853 4147 good
865 4088 953 4133 motto
969 4076 1012 4132 ior
1028 4078 1121 4133 Adam
1135 4075 1249 4132 Smith's
1265 4077 1395 4147 chapters

242 4180 279 4218 on
292 4163 341 4218 the
354 4161 485 4217 Division
497 4162 530 4217 ol
540 4161 660 4216 Labour.

278 4243 300 4277 ²⁸
320 4247 433 4300 ‘Bacon
452 4245 539 4300 refers
561 4253 590 4298 to
612 4243 686 4299 what
712 4245 795 4300 Peter
819 4245 928 4314 hlartyr
951 4243 1094 4314 Anghiera
1119 4244 1171 4298 has
1194 4242 1310 4310 related,
1334 4241 1396 4296 that

245 4329 398 4386 columbus
416 4327 566 4397 observing
584 4328 632 4382 the
645 4338 712 4383 west
726 4326 814 4382 vinds
832 4327 923 4383 which
940 4329 1014 4383 blow
1032 4339 1060 4383 at
1079 4325 1185 4382 certain
1204 4325 1287 4382 times
1304 4324 1336 4380 of
1348 4324 1397 4380 the

243 4431 310 4484 year
321 4430 358 4468 on
371 4413 418 4468 the
431 4421 510 4468 coast
529 4411 562 4467 ol
571 4412 702 4480 Portugal
722 4427 802 4466 came
814 4421 844 4465 to
856 4413 904 4466 the
918 4411 1079 4469 conclusion
1098 4411 1158 4468 that
1178 4411 1257 4466 there
1275 4418 1349 4465 must
1361 4410 1397 4464 be

243 4498 309 4552 land
322 4505 352 4553 to
363 4505 496 4568 generate
509 4495 603 4552 them!
642 4497 697 4550 Mr.
711 4494 789 4550 Ellis’
801 4505 876 4551 note.
