<?xml version="1.0" encoding="UTF-8"?>
<!DOCTYPE html PUBLIC "-//W3C//DTD XHTML 1.0 Transitional//EN"
    "http://www.w3.org/TR/xhtml1/DTD/xhtml1-transitional.dtd">
<html xmlns="http://www.w3.org/1999/xhtml" xml:lang="en" lang="en">
 <head>
  <title>
</title>
<meta http-equiv="Content-Type" content="text/html;charset=utf-8" />
  <meta name='ocr-system' content='tesseract 3.04.00' />
  <meta name='ocr-capabilities' content='ocr_page ocr_carea ocr_par ocr_line ocrx_word'/>
</head>
<body>
  <div class='ocr_page' id='page_1' title='image "./baconsnovumorga00bacogoog/baconsnovumorga00bacogoog_0667.png"; bbox 0 0 3292 5138; ppageno 0'>
   <div class='ocr_carea' id='block_1_1' title="bbox 388 399 1160 480">
    <p class='ocr_par' dir='ltr' id='par_1_1' title="bbox 388 399 1160 480">
     <span class='ocr_line' id='line_1_1' title="bbox 388 399 1160 480; baseline -0.005 -18"><span class='ocrx_word' id='word_1_1' title='bbox 388 399 454 480; x_wconf 78' lang='lat'>564</span> <span class='ocrx_word' id='word_1_2' title='bbox 768 405 924 461; x_wconf 84' lang='lat' dir='ltr'><em>NOVUM</em></span> <span class='ocrx_word' id='word_1_3' title='bbox 943 403 1160 460; x_wconf 84' lang='lat' dir='ltr'><em>ORGANUM.</em></span> 
     </span>
    </p>
   </div>
   <div class='ocr_carea' id='block_1_2' title="bbox 387 567 1541 1900">
    <p class='ocr_par' dir='ltr' id='par_1_2' title="bbox 387 567 1541 1900">
     <span class='ocr_line' id='line_1_2' title="bbox 389 567 1540 655; baseline -0.003 -22"><span class='ocrx_word' id='word_1_4' title='bbox 389 569 649 655; x_wconf 87' lang='lat' dir='ltr'>imaginativum,</span> <span class='ocrx_word' id='word_1_5' title='bbox 671 569 730 634; x_wconf 91' lang='lat' dir='ltr'>sed</span> <span class='ocrx_word' id='word_1_6' title='bbox 755 570 798 633; x_wconf 90' lang='lat' dir='ltr'>ad</span> <span class='ocrx_word' id='word_1_7' title='bbox 823 571 985 634; x_wconf 91' lang='lat' dir='ltr'>unionem.</span> <span class='ocrx_word' id='word_1_8' title='bbox 1030 569 1092 633; x_wconf 91' lang='lat' dir='ltr'>Per</span> <span class='ocrx_word' id='word_1_9' title='bbox 1116 569 1203 632; x_wconf 92' lang='lat' dir='ltr'>hunc</span> <span class='ocrx_word' id='word_1_10' title='bbox 1226 569 1325 632; x_wconf 89' lang='lat' dir='ltr'>etiam</span> <span class='ocrx_word' id='word_1_11' title='bbox 1351 567 1540 653; x_wconf 89' lang='lat' dir='ltr'>appetitum</span> 
     </span>
     <span class='ocr_line' id='line_1_3' title="bbox 387 672 1541 757; baseline -0.003 -19"><span class='ocrx_word' id='word_1_12' title='bbox 387 675 500 738; x_wconf 88' lang='lat' dir='ltr'>omnia</span> <span class='ocrx_word' id='word_1_13' title='bbox 532 674 692 757; x_wconf 88' lang='lat' dir='ltr'>majorem</span> <span class='ocrx_word' id='word_1_14' title='bbox 726 673 758 738; x_wconf 95' lang='lat' dir='ltr'>in</span> <span class='ocrx_word' id='word_1_15' title='bbox 792 673 929 737; x_wconf 92' lang='lat' dir='ltr'>modum</span> <span class='ocrx_word' id='word_1_16' title='bbox 959 674 1161 738; x_wconf 85' lang='lat' dir='ltr'>condensata</span> <span class='ocrx_word' id='word_1_17' title='bbox 1191 681 1318 738; x_wconf 91' lang='lat' dir='ltr'>motum</span> <span class='ocrx_word' id='word_1_18' title='bbox 1349 672 1541 744; x_wconf 87' lang='lat' dir='ltr'>exhorrent,</span> 
     </span>
     <span class='ocr_line' id='line_1_4' title="bbox 387 775 1541 861; baseline -0.003 -19"><span class='ocrx_word' id='word_1_19' title='bbox 387 787 489 860; x_wconf 89' lang='lat' dir='ltr'>atque</span> <span class='ocrx_word' id='word_1_20' title='bbox 505 777 567 841; x_wconf 93' lang='lat' dir='ltr'>illis</span> <span class='ocrx_word' id='word_1_21' title='bbox 583 799 644 861; x_wconf 94' lang='lat' dir='ltr'>pro</span> <span class='ocrx_word' id='word_1_22' title='bbox 660 778 750 842; x_wconf 90' lang='lat' dir='ltr'>omni</span> <span class='ocrx_word' id='word_1_23' title='bbox 766 779 918 861; x_wconf 89' lang='lat' dir='ltr'>appetitu</span> <span class='ocrx_word' id='word_1_24' title='bbox 935 786 1067 842; x_wconf 90' lang='lat' dir='ltr'>estnon</span> <span class='ocrx_word' id='word_1_25' title='bbox 1087 777 1228 853; x_wconf 90' lang='lat' dir='ltr'>moveri;</span> <span class='ocrx_word' id='word_1_26' title='bbox 1251 785 1284 840; x_wconf 89' lang='lat' dir='ltr'>et</span> <span class='ocrx_word' id='word_1_27' title='bbox 1307 775 1382 840; x_wconf 88' lang='lat' dir='ltr'>licet</span> <span class='ocrx_word' id='word_1_28' title='bbox 1403 775 1541 838; x_wconf 86' lang='lat' dir='ltr'>infinitis</span> 
     </span>
     <span class='ocr_line' id='line_1_5' title="bbox 387 881 1540 964; baseline -0.003 -20"><span class='ocrx_word' id='word_1_29' title='bbox 387 883 497 946; x_wconf 92' lang='lat' dir='ltr'>modis</span> <span class='ocrx_word' id='word_1_30' title='bbox 514 882 706 946; x_wconf 85' lang='lat' dir='ltr'><strong>vellicentur</strong></span> <span class='ocrx_word' id='word_1_31' title='bbox 727 891 760 945; x_wconf 87' lang='lat' dir='ltr'>et</span> <span class='ocrx_word' id='word_1_32' title='bbox 783 891 1003 964; x_wconf 85' lang='lat' dir='ltr'>provocentur</span> <span class='ocrx_word' id='word_1_33' title='bbox 1023 881 1067 945; x_wconf 89' lang='lat' dir='ltr'>ad</span> <span class='ocrx_word' id='word_1_34' title='bbox 1090 891 1228 957; x_wconf 92' lang='lat' dir='ltr'>motum,</span> <span class='ocrx_word' id='word_1_35' title='bbox 1251 889 1362 944; x_wconf 90' lang='lat' dir='ltr'>tamen</span> <span class='ocrx_word' id='word_1_36' title='bbox 1384 889 1540 944; x_wconf 91' lang='lat' dir='ltr'>naturam</span> 
     </span>
     <span class='ocr_line' id='line_1_6' title="bbox 387 980 1541 1070; baseline -0.002 -22"><span class='ocrx_word' id='word_1_37' title='bbox 387 1005 481 1049; x_wconf 87' lang='lat' dir='ltr'>suam</span> <span class='ocrx_word' id='word_1_38' title='bbox 512 980 636 1070; x_wconf 84' lang='lat' dir='ltr'>(quoad</span> <span class='ocrx_word' id='word_1_39' title='bbox 666 983 819 1070; x_wconf 78' lang='lat' dir='ltr'><strong>possunt)</strong></span> <span class='ocrx_word' id='word_1_40' title='bbox 845 996 987 1050; x_wconf 88' lang='lat' dir='ltr'>tuentur.</span> <span class='ocrx_word' id='word_1_41' title='bbox 1032 985 1133 1068; x_wconf 84' lang='lat' dir='ltr'>Quod</span> <span class='ocrx_word' id='word_1_42' title='bbox 1163 986 1190 1048; x_wconf 92' lang='lat' dir='ltr'>si</span> <span class='ocrx_word' id='word_1_43' title='bbox 1219 986 1262 1048; x_wconf 89' lang='lat' dir='ltr'>ad</span> <span class='ocrx_word' id='word_1_44' title='bbox 1293 995 1422 1048; x_wconf 93' lang='lat' dir='ltr'>motum</span> <span class='ocrx_word' id='word_1_45' title='bbox 1448 1005 1541 1046; x_wconf 90' lang='lat' dir='ltr'>com-</span> 
     </span>
     <span class='ocr_line' id='line_1_7' title="bbox 388 1089 1540 1174; baseline 0 -22"><span class='ocrx_word' id='word_1_46' title='bbox 388 1090 561 1172; x_wconf 85' lang='lat' dir='ltr'>pellantur,</span> <span class='ocrx_word' id='word_1_47' title='bbox 585 1100 699 1154; x_wconf 89' lang='lat' dir='ltr'>tamen</span> <span class='ocrx_word' id='word_1_48' title='bbox 724 1090 788 1154; x_wconf 92' lang='lat' dir='ltr'>hoc</span> <span class='ocrx_word' id='word_1_49' title='bbox 814 1111 911 1173; x_wconf 89' lang='lat' dir='ltr'>agere</span> <span class='ocrx_word' id='word_1_50' title='bbox 937 1110 1068 1174; x_wconf 88' lang='lat' dir='ltr'>semper</span> <span class='ocrx_word' id='word_1_51' title='bbox 1093 1091 1245 1153; x_wconf 90' lang='lat' dir='ltr'>videntur</span> <span class='ocrx_word' id='word_1_52' title='bbox 1271 1099 1307 1153; x_wconf 94' lang='lat' dir='ltr'>ut</span> <span class='ocrx_word' id='word_1_53' title='bbox 1333 1089 1478 1170; x_wconf 89' lang='lat' dir='ltr'>quietem</span> <span class='ocrx_word' id='word_1_54' title='bbox 1505 1100 1540 1152; x_wconf 89' lang='lat' dir='ltr'>et</span> 
     </span>
     <span class='ocr_line' id='line_1_8' title="bbox 388 1192 1540 1278; baseline -0.001 -22"><span class='ocrx_word' id='word_1_55' title='bbox 388 1203 512 1258; x_wconf 88' lang='lat' dir='ltr'>statum</span> <span class='ocrx_word' id='word_1_56' title='bbox 543 1214 639 1257; x_wconf 93' lang='lat' dir='ltr'>suum</span> <span class='ocrx_word' id='word_1_57' title='bbox 671 1205 871 1278; x_wconf 87' lang='lat' dir='ltr'><strong>recuperent,</strong></span> <span class='ocrx_word' id='word_1_58' title='bbox 901 1215 1008 1276; x_wconf 89' lang='lat' dir='ltr'>neque</span> <span class='ocrx_word' id='word_1_59' title='bbox 1038 1195 1179 1276; x_wconf 87' lang='lat' dir='ltr'>amplius</span> <span class='ocrx_word' id='word_1_60' title='bbox 1214 1203 1377 1256; x_wconf 89' lang='lat' dir='ltr'>moveant.</span> <span class='ocrx_word' id='word_1_61' title='bbox 1421 1192 1540 1274; x_wconf 88' lang='lat' dir='ltr'><strong>Atque</strong></span> 
     </span>
     <span class='ocr_line' id='line_1_9' title="bbox 388 1297 1539 1382; baseline -0.003 -20"><span class='ocrx_word' id='word_1_62' title='bbox 388 1299 472 1362; x_wconf 89' lang='lat' dir='ltr'>circa</span> <span class='ocrx_word' id='word_1_63' title='bbox 501 1298 564 1363; x_wconf 91' lang='lat' dir='ltr'>hoc</span> <span class='ocrx_word' id='word_1_64' title='bbox 598 1309 685 1364; x_wconf 91' lang='lat' dir='ltr'>certe</span> <span class='ocrx_word' id='word_1_65' title='bbox 718 1321 754 1363; x_wconf 90' lang='lat' dir='ltr'>se</span> <span class='ocrx_word' id='word_1_66' title='bbox 786 1299 884 1382; x_wconf 87' lang='lat' dir='ltr'>agilia</span> <span class='ocrx_word' id='word_1_67' title='bbox 916 1299 1085 1382; x_wconf 89' lang='lat' dir='ltr'>praebent,</span> <span class='ocrx_word' id='word_1_68' title='bbox 1117 1307 1151 1361; x_wconf 90' lang='lat' dir='ltr'>et</span> <span class='ocrx_word' id='word_1_69' title='bbox 1184 1297 1264 1362; x_wconf 89' lang='lat' dir='ltr'>satis</span> <span class='ocrx_word' id='word_1_70' title='bbox 1298 1297 1472 1380; x_wconf 86' lang='lat' dir='ltr'>perniciter</span> <span class='ocrx_word' id='word_1_71' title='bbox 1505 1307 1539 1359; x_wconf 88' lang='lat' dir='ltr'>et</span> 
     </span>
     <span class='ocr_line' id='line_1_10' title="bbox 388 1398 1538 1487; baseline 0 -23"><span class='ocrx_word' id='word_1_72' title='bbox 388 1403 502 1484; x_wconf 89' lang='lat' dir='ltr'>rapide</span> <span class='ocrx_word' id='word_1_73' title='bbox 517 1400 568 1487; x_wconf 90' lang='lat' dir='ltr'>(ut</span> <span class='ocrx_word' id='word_1_74' title='bbox 592 1413 742 1485; x_wconf 87' lang='lat' dir='ltr'>pertaesa</span> <span class='ocrx_word' id='word_1_75' title='bbox 765 1412 799 1467; x_wconf 91' lang='lat' dir='ltr'>et</span> <span class='ocrx_word' id='word_1_76' title='bbox 822 1403 1028 1486; x_wconf 85' lang='lat' dir='ltr'>impatientia</span> <span class='ocrx_word' id='word_1_77' title='bbox 1050 1403 1158 1466; x_wconf 91' lang='lat' dir='ltr'>omnis</span> <span class='ocrx_word' id='word_1_78' title='bbox 1178 1398 1302 1485; x_wconf 90' lang='lat' dir='ltr'>morae)</span> <span class='ocrx_word' id='word_1_79' title='bbox 1325 1401 1538 1465; x_wconf 89' lang='lat' dir='ltr'>contendunt.</span> 
     </span>
     <span class='ocr_line' id='line_1_11' title="bbox 389 1505 1539 1590; baseline 0 -22"><span class='ocrx_word' id='word_1_80' title='bbox 389 1505 498 1586; x_wconf 85' lang='lat' dir='ltr'>Hujus</span> <span class='ocrx_word' id='word_1_81' title='bbox 518 1517 629 1570; x_wconf 88' lang='lat' dir='ltr'>autem</span> <span class='ocrx_word' id='word_1_82' title='bbox 651 1508 819 1590; x_wconf 90' lang='lat' dir='ltr'>appetitus</span> <span class='ocrx_word' id='word_1_83' title='bbox 840 1508 951 1590; x_wconf 85' lang='lat' dir='ltr'>imago</span> <span class='ocrx_word' id='word_1_84' title='bbox 973 1528 1016 1570; x_wconf 88' lang='lat' dir='ltr'>ex</span> <span class='ocrx_word' id='word_1_85' title='bbox 1034 1517 1129 1588; x_wconf 87' lang='lat' dir='ltr'>parte</span> <span class='ocrx_word' id='word_1_86' title='bbox 1146 1515 1276 1570; x_wconf 88' lang='lat' dir='ltr'>tantum</span> <span class='ocrx_word' id='word_1_87' title='bbox 1295 1505 1382 1568; x_wconf 88' lang='lat' dir='ltr'>cerni</span> <span class='ocrx_word' id='word_1_88' title='bbox 1405 1515 1539 1586; x_wconf 90' lang='lat' dir='ltr'>potest;</span> 
     </span>
     <span class='ocr_line' id='line_1_12' title="bbox 387 1606 1538 1693; baseline -0.003 -21"><span class='ocrx_word' id='word_1_89' title='bbox 387 1611 464 1693; x_wconf 91' lang='lat' dir='ltr'>quia</span> <span class='ocrx_word' id='word_1_90' title='bbox 480 1609 533 1675; x_wconf 91' lang='lat' dir='ltr'>bic</span> <span class='ocrx_word' id='word_1_91' title='bbox 547 1611 636 1692; x_wconf 90' lang='lat' dir='ltr'>apud</span> <span class='ocrx_word' id='word_1_92' title='bbox 653 1632 721 1688; x_wconf 76' lang='lat' dir='ltr'>noS,</span> <span class='ocrx_word' id='word_1_93' title='bbox 737 1633 781 1675; x_wconf 90' lang='lat' dir='ltr'>ex</span> <span class='ocrx_word' id='word_1_94' title='bbox 800 1610 989 1674; x_wconf 89' lang='lat' dir='ltr'>subactione</span> <span class='ocrx_word' id='word_1_95' title='bbox 1010 1621 1043 1674; x_wconf 91' lang='lat' dir='ltr'>et</span> <span class='ocrx_word' id='word_1_96' title='bbox 1065 1611 1277 1674; x_wconf 88' lang='lat' dir='ltr'>concoctione</span> <span class='ocrx_word' id='word_1_97' title='bbox 1296 1609 1487 1673; x_wconf 88' lang='lat' dir='ltr'>coelestium</span> <span class='ocrx_word' id='word_1_98' title='bbox 1502 1606 1538 1684; x_wconf 70' lang='lat'>⁶⁸,</span> 
     </span>
     <span class='ocr_line' id='line_1_13' title="bbox 387 1712 1538 1796; baseline -0.003 -20"><span class='ocrx_word' id='word_1_99' title='bbox 387 1733 485 1776; x_wconf 91' lang='lat' dir='ltr'>omne</span> <span class='ocrx_word' id='word_1_100' title='bbox 505 1713 663 1796; x_wconf 86' lang='lat' dir='ltr'>tangibile</span> <span class='ocrx_word' id='word_1_101' title='bbox 686 1735 752 1778; x_wconf 89' lang='lat' dir='ltr'>non</span> <span class='ocrx_word' id='word_1_102' title='bbox 774 1723 904 1778; x_wconf 88' lang='lat' dir='ltr'>tantum</span> <span class='ocrx_word' id='word_1_103' title='bbox 928 1734 994 1779; x_wconf 90' lang='lat' dir='ltr'>non</span> <span class='ocrx_word' id='word_1_104' title='bbox 1016 1715 1253 1778; x_wconf 88' lang='lat' dir='ltr'>condensatum</span> <span class='ocrx_word' id='word_1_105' title='bbox 1276 1723 1325 1778; x_wconf 90' lang='lat' dir='ltr'>est</span> <span class='ocrx_word' id='word_1_106' title='bbox 1348 1713 1392 1776; x_wconf 89' lang='lat' dir='ltr'>ad</span> <span class='ocrx_word' id='word_1_107' title='bbox 1415 1712 1538 1775; x_wconf 90' lang='lat' dir='ltr'>ultimi-</span> 
     </span>
     <span class='ocr_line' id='line_1_14' title="bbox 388 1816 1267 1900; baseline -0.005 -20"><span class='ocrx_word' id='word_1_108' title='bbox 388 1825 499 1892; x_wconf 86' lang='lat' dir='ltr'>tatem,</span> <span class='ocrx_word' id='word_1_109' title='bbox 514 1818 574 1880; x_wconf 87' lang='lat' dir='ltr'>sed</span> <span class='ocrx_word' id='word_1_110' title='bbox 590 1817 691 1880; x_wconf 88' lang='lat' dir='ltr'>etiam</span> <span class='ocrx_word' id='word_1_111' title='bbox 707 1837 782 1881; x_wconf 92' lang='lat' dir='ltr'>cum</span> <span class='ocrx_word' id='word_1_112' title='bbox 799 1817 915 1900; x_wconf 90' lang='lat' dir='ltr'>spiritu</span> <span class='ocrx_word' id='word_1_113' title='bbox 931 1816 1087 1880; x_wconf 91' lang='lat' dir='ltr'>nonnullo</span> <span class='ocrx_word' id='word_1_114' title='bbox 1104 1816 1267 1879; x_wconf 90' lang='lat' dir='ltr'>miscetur.</span> 
     </span>
    </p>
   </div>
   <div class='ocr_carea' id='block_1_3' title="bbox 387 2017 1538 2522">
    <p class='ocr_par' dir='ltr' id='par_1_3' title="bbox 387 2017 1538 2522">
     <span class='ocr_line' id='line_1_15' title="bbox 431 2017 1538 2107; baseline -0.003 -22"><span class='ocrx_word' id='word_1_115' title='bbox 431 2023 666 2106; x_wconf 91' lang='lat' dir='ltr'>Proposuimus</span> <span class='ocrx_word' id='word_1_116' title='bbox 693 2023 806 2106; x_wconf 91' lang='lat' dir='ltr'>itaque</span> <span class='ocrx_word' id='word_1_117' title='bbox 833 2023 902 2105; x_wconf 90' lang='lat' dir='ltr'>jam</span> <span class='ocrx_word' id='word_1_118' title='bbox 933 2023 1058 2107; x_wconf 88' lang='lat' dir='ltr'>species</span> <span class='ocrx_word' id='word_1_119' title='bbox 1087 2023 1156 2086; x_wconf 91' lang='lat' dir='ltr'>sive</span> <span class='ocrx_word' id='word_1_120' title='bbox 1185 2021 1347 2084; x_wconf 89' lang='lat' dir='ltr'>elementa</span> <span class='ocrx_word' id='word_1_121' title='bbox 1377 2017 1538 2102; x_wconf 89' lang='lat' dir='ltr'>simplicia</span> 
     </span>
     <span class='ocr_line' id='line_1_16' title="bbox 388 2126 1537 2210; baseline -0.003 -20"><span class='ocrx_word' id='word_1_122' title='bbox 388 2135 550 2203; x_wconf 90' lang='lat' dir='ltr'>motuum,</span> <span class='ocrx_word' id='word_1_123' title='bbox 577 2128 795 2210; x_wconf 88' lang='lat' dir='ltr'>appetituum,</span> <span class='ocrx_word' id='word_1_124' title='bbox 823 2138 855 2192; x_wconf 89' lang='lat' dir='ltr'>et</span> <span class='ocrx_word' id='word_1_125' title='bbox 886 2129 1045 2191; x_wconf 92' lang='lat' dir='ltr'>virtutum</span> <span class='ocrx_word' id='word_1_126' title='bbox 1070 2127 1260 2202; x_wconf 88' lang='lat' dir='ltr'>activarum,</span> <span class='ocrx_word' id='word_1_127' title='bbox 1287 2144 1372 2206; x_wconf 90' lang='lat' dir='ltr'>quae</span> <span class='ocrx_word' id='word_1_128' title='bbox 1401 2134 1476 2188; x_wconf 89' lang='lat' dir='ltr'>sunt</span> <span class='ocrx_word' id='word_1_129' title='bbox 1504 2126 1537 2186; x_wconf 91' lang='lat' dir='ltr'>in</span> 
     </span>
     <span class='ocr_line' id='line_1_17' title="bbox 387 2227 1537 2314; baseline -0.005 -20"><span class='ocrx_word' id='word_1_130' title='bbox 387 2241 504 2294; x_wconf 88' lang='lat' dir='ltr'>natura</span> <span class='ocrx_word' id='word_1_131' title='bbox 520 2232 666 2295; x_wconf 89' lang='lat' dir='ltr'>maxime</span> <span class='ocrx_word' id='word_1_132' title='bbox 677 2230 849 2297; x_wconf 86' lang='lat' dir='ltr'>catholica.</span> <span class='ocrx_word' id='word_1_133' title='bbox 880 2231 998 2312; x_wconf 86' lang='lat' dir='ltr'>Neque</span> <span class='ocrx_word' id='word_1_134' title='bbox 1011 2250 1127 2314; x_wconf 87' lang='lat' dir='ltr'>parum</span> <span class='ocrx_word' id='word_1_135' title='bbox 1140 2229 1294 2293; x_wconf 88' lang='lat' dir='ltr'>scientiae</span> <span class='ocrx_word' id='word_1_136' title='bbox 1307 2227 1462 2291; x_wconf 91' lang='lat' dir='ltr'>naturalis</span> <span class='ocrx_word' id='word_1_137' title='bbox 1474 2228 1537 2290; x_wconf 90' lang='lat' dir='ltr'>sub</span> 
     </span>
     <span class='ocr_line' id='line_1_18' title="bbox 388 2331 1538 2418; baseline -0.003 -21"><span class='ocrx_word' id='word_1_138' title='bbox 388 2334 452 2398; x_wconf 91' lang='lat' dir='ltr'>illis</span> <span class='ocrx_word' id='word_1_139' title='bbox 473 2336 707 2400; x_wconf 90' lang='lat' dir='ltr'>adumbratum</span> <span class='ocrx_word' id='word_1_140' title='bbox 732 2347 791 2400; x_wconf 91' lang='lat' dir='ltr'>est.</span> <span class='ocrx_word' id='word_1_141' title='bbox 836 2336 914 2400; x_wconf 93' lang='lat' dir='ltr'>Non</span> <span class='ocrx_word' id='word_1_142' title='bbox 937 2356 1096 2418; x_wconf 85' lang='lat' dir='ltr'>negamus</span> <span class='ocrx_word' id='word_1_143' title='bbox 1118 2343 1229 2397; x_wconf 89' lang='lat' dir='ltr'>tamen</span> <span class='ocrx_word' id='word_1_144' title='bbox 1252 2343 1285 2396; x_wconf 91' lang='lat' dir='ltr'>et</span> <span class='ocrx_word' id='word_1_145' title='bbox 1308 2331 1390 2394; x_wconf 87' lang='lat' dir='ltr'>alias</span> <span class='ocrx_word' id='word_1_146' title='bbox 1411 2331 1538 2412; x_wconf 90' lang='lat' dir='ltr'>species</span> 
     </span>
     <span class='ocr_line' id='line_1_19' title="bbox 387 2437 1537 2522; baseline -0.003 -21"><span class='ocrx_word' id='word_1_147' title='bbox 387 2439 524 2502; x_wconf 84' lang='lat' dir='ltr'>sortasse</span> <span class='ocrx_word' id='word_1_148' title='bbox 550 2440 628 2503; x_wconf 88' lang='lat' dir='ltr'>addi</span> <span class='ocrx_word' id='word_1_149' title='bbox 656 2461 753 2522; x_wconf 90' lang='lat' dir='ltr'>posse</span> <span class='ocrx_word' id='word_1_150' title='bbox 763 2439 800 2515; x_wconf 77' lang='lat'>⁶⁰,</span> <span class='ocrx_word' id='word_1_151' title='bbox 822 2451 922 2522; x_wconf 90' lang='lat' dir='ltr'>atque</span> <span class='ocrx_word' id='word_1_152' title='bbox 945 2440 1025 2503; x_wconf 88' lang='lat' dir='ltr'>istas</span> <span class='ocrx_word' id='word_1_153' title='bbox 1048 2440 1136 2520; x_wconf 89' lang='lat' dir='ltr'>ipsas</span> <span class='ocrx_word' id='word_1_154' title='bbox 1158 2437 1333 2501; x_wconf 84' lang='lat' dir='ltr'>divisiones</span> <span class='ocrx_word' id='word_1_155' title='bbox 1355 2437 1537 2500; x_wconf 89' lang='lat' dir='ltr'>secundum</span> 
     </span>
    </p>
   </div>
   <div class='ocr_carea' id='block_1_4' title="bbox 386 2542 1538 2936">
    <p class='ocr_par' dir='ltr' id='par_1_4' title="bbox 386 2542 1538 2936">
     <span class='ocr_line' id='line_1_20' title="bbox 387 2542 1537 2624; baseline -0.003 -20"><span class='ocrx_word' id='word_1_156' title='bbox 387 2543 529 2607; x_wconf 88' lang='lat' dir='ltr'>veriores</span> <span class='ocrx_word' id='word_1_157' title='bbox 545 2564 652 2607; x_wconf 91' lang='lat' dir='ltr'>rerum</span> <span class='ocrx_word' id='word_1_158' title='bbox 668 2565 768 2607; x_wconf 91' lang='lat' dir='ltr'>venas</span> <span class='ocrx_word' id='word_1_159' title='bbox 783 2544 957 2621; x_wconf 80' lang='lat' dir='ltr'>transferri,</span> <span class='ocrx_word' id='word_1_160' title='bbox 973 2543 1115 2624; x_wconf 88' lang='lat' dir='ltr'>denique</span> <span class='ocrx_word' id='word_1_161' title='bbox 1133 2543 1166 2604; x_wconf 91' lang='lat' dir='ltr'>in</span> <span class='ocrx_word' id='word_1_162' title='bbox 1185 2542 1344 2603; x_wconf 91' lang='lat' dir='ltr'>minorem</span> <span class='ocrx_word' id='word_1_163' title='bbox 1363 2560 1537 2602; x_wconf 91' lang='lat' dir='ltr'>numerum</span> 
     </span>
     <span class='ocr_line' id='line_1_21' title="bbox 389 2642 1538 2730; baseline -0.004 -20"><span class='ocrx_word' id='word_1_164' title='bbox 389 2667 485 2728; x_wconf 89' lang='lat' dir='ltr'>posse</span> <span class='ocrx_word' id='word_1_165' title='bbox 501 2648 610 2730; x_wconf 86' lang='lat' dir='ltr'>redigi.</span> <span class='ocrx_word' id='word_1_166' title='bbox 656 2649 775 2730; x_wconf 87' lang='lat' dir='ltr'>Neque</span> <span class='ocrx_word' id='word_1_167' title='bbox 790 2657 902 2711; x_wconf 90' lang='lat' dir='ltr'>tamen</span> <span class='ocrx_word' id='word_1_168' title='bbox 919 2647 983 2711; x_wconf 93' lang='lat' dir='ltr'>hoc</span> <span class='ocrx_word' id='word_1_169' title='bbox 1002 2648 1043 2710; x_wconf 90' lang='lat' dir='ltr'>de</span> <span class='ocrx_word' id='word_1_170' title='bbox 1064 2645 1275 2710; x_wconf 90' lang='lat' dir='ltr'>divisionibus</span> <span class='ocrx_word' id='word_1_171' title='bbox 1296 2642 1459 2726; x_wconf 87' lang='lat' dir='ltr'>aliquibus</span> <span class='ocrx_word' id='word_1_172' title='bbox 1479 2643 1538 2706; x_wconf 91' lang='lat' dir='ltr'>ab·</span> 
     </span>
     <span class='ocr_line' id='line_1_22' title="bbox 387 2747 1536 2834; baseline -0.004 -21"><span class='ocrx_word' id='word_1_173' title='bbox 387 2751 517 2814; x_wconf 91' lang='lat' dir='ltr'>stractis</span> <span class='ocrx_word' id='word_1_174' title='bbox 532 2749 762 2834; x_wconf 88' lang='lat' dir='ltr'>intelligimus:</span> <span class='ocrx_word' id='word_1_175' title='bbox 785 2751 886 2814; x_wconf 90' lang='lat' dir='ltr'>veluti</span> <span class='ocrx_word' id='word_1_176' title='bbox 904 2751 930 2814; x_wconf 92' lang='lat' dir='ltr'>si</span> <span class='ocrx_word' id='word_1_177' title='bbox 950 2751 1022 2832; x_wconf 93' lang='lat' dir='ltr'>quis</span> <span class='ocrx_word' id='word_1_178' title='bbox 1043 2751 1131 2813; x_wconf 86' lang='lat' dir='ltr'>dicat</span> <span class='ocrx_word' id='word_1_179' title='bbox 1150 2769 1288 2831; x_wconf 90' lang='lat' dir='ltr'>corpora</span> <span class='ocrx_word' id='word_1_180' title='bbox 1308 2757 1464 2830; x_wconf 90' lang='lat' dir='ltr'>appetere</span> <span class='ocrx_word' id='word_1_181' title='bbox 1484 2747 1536 2809; x_wconf 91' lang='lat' dir='ltr'>vel</span> 
     </span>
     <span class='ocr_line' id='line_1_23' title="bbox 386 2849 1536 2936; baseline -0.006 -17"><span class='ocrx_word' id='word_1_182' title='bbox 386 2855 676 2932; x_wconf 88' lang='lat' dir='ltr'>conservationem,</span> <span class='ocrx_word' id='word_1_183' title='bbox 691 2855 743 2917; x_wconf 92' lang='lat' dir='ltr'>vel</span> <span class='ocrx_word' id='word_1_184' title='bbox 764 2855 1011 2928; x_wconf 88' lang='lat' dir='ltr'>exaltationem,</span> <span class='ocrx_word' id='word_1_185' title='bbox 1028 2854 1079 2918; x_wconf 95' lang='lat' dir='ltr'>vel</span> <span class='ocrx_word' id='word_1_186' title='bbox 1101 2853 1383 2936; x_wconf 86' lang='lat' dir='ltr'>propagationem,</span> <span class='ocrx_word' id='word_1_187' title='bbox 1397 2851 1450 2914; x_wconf 92' lang='lat' dir='ltr'>vel</span> <span class='ocrx_word' id='word_1_188' title='bbox 1471 2849 1536 2913; x_wconf 87' lang='lat' dir='ltr'>fru-</span> 
     </span>
    </p>
   </div>
   <div class='ocr_carea' id='block_1_5' title="bbox 382 3074 1540 4546">
    <p class='ocr_par' dir='ltr' id='par_1_5' title="bbox 383 3074 1540 3730">
     <span class='ocr_line' id='line_1_24' title="bbox 421 3074 1535 3148; baseline -0.004 -16"><span class='ocrx_word' id='word_1_189' title='bbox 421 3075 442 3106; x_wconf 76' lang='lat'>⁶⁸</span> <span class='ocrx_word' id='word_1_190' title='bbox 462 3079 514 3146; x_wconf 85' lang='lat' dir='ltr'>Cp.</span> <span class='ocrx_word' id='word_1_191' title='bbox 527 3078 600 3132; x_wconf 87' lang='lat' dir='ltr'>what</span> <span class='ocrx_word' id='word_1_192' title='bbox 619 3079 655 3133; x_wconf 89' lang='lat' dir='ltr'>he</span> <span class='ocrx_word' id='word_1_193' title='bbox 674 3095 739 3148; x_wconf 88' lang='lat' dir='ltr'>says</span> <span class='ocrx_word' id='word_1_194' title='bbox 758 3079 847 3133; x_wconf 90' lang='lat' dir='ltr'>above</span> <span class='ocrx_word' id='word_1_195' title='bbox 866 3077 955 3133; x_wconf 91' lang='lat' dir='ltr'>under</span> <span class='ocrx_word' id='word_1_196' title='bbox 968 3079 1081 3132; x_wconf 89' lang='lat' dir='ltr'>‘Motus</span> <span class='ocrx_word' id='word_1_197' title='bbox 1101 3077 1293 3132; x_wconf 92' lang='lat' dir='ltr'>Duodecimus</span> <span class='ocrx_word' id='word_1_198' title='bbox 1305 3078 1326 3130; x_wconf 76' lang='grc' dir='ltr'>ε’</span> <span class='ocrx_word' id='word_1_199' title='bbox 1349 3074 1405 3129; x_wconf 86' lang='lat' dir='ltr'>‘ita</span> <span class='ocrx_word' id='word_1_200' title='bbox 1423 3085 1452 3128; x_wconf 95' lang='lat' dir='ltr'>ut</span> <span class='ocrx_word' id='word_1_201' title='bbox 1466 3075 1535 3128; x_wconf 92' lang='lat' dir='ltr'>veri·</span> 
     </span>
     <span class='ocr_line' id='line_1_25' title="bbox 386 3158 1536 3230; baseline -0.003 -16"><span class='ocrx_word' id='word_1_202' title='bbox 386 3159 476 3215; x_wconf 90' lang='lat' dir='ltr'>simile</span> <span class='ocrx_word' id='word_1_203' title='bbox 488 3161 525 3214; x_wconf 93' lang='lat' dir='ltr'>sit</span> <span class='ocrx_word' id='word_1_204' title='bbox 537 3177 620 3230; x_wconf 87' lang='lat' dir='ltr'>posse</span> <span class='ocrx_word' id='word_1_205' title='bbox 632 3163 712 3230; x_wconf 87' lang='lat' dir='ltr'>esse,’</span> <span class='ocrx_word' id='word_1_206' title='bbox 724 3163 774 3216; x_wconf 81' lang='lat' dir='ltr'>dre.</span> <span class='ocrx_word' id='word_1_207' title='bbox 814 3163 839 3216; x_wconf 94' lang='lat' dir='ltr'>lt</span> <span class='ocrx_word' id='word_1_208' title='bbox 853 3179 909 3216; x_wconf 85' lang='lat' dir='ltr'>was</span> <span class='ocrx_word' id='word_1_209' title='bbox 921 3179 974 3216; x_wconf 89' lang='lat' dir='ltr'>oue</span> <span class='ocrx_word' id='word_1_210' title='bbox 987 3161 1017 3215; x_wconf 84' lang='lat' dir='ltr'>ol</span> <span class='ocrx_word' id='word_1_211' title='bbox 1027 3161 1074 3216; x_wconf 87' lang='lat' dir='ltr'>the</span> <span class='ocrx_word' id='word_1_212' title='bbox 1092 3160 1203 3229; x_wconf 85' lang='lat' dir='ltr'>leading</span> <span class='ocrx_word' id='word_1_213' title='bbox 1215 3159 1355 3214; x_wconf 88' lang='lat' dir='ltr'>doctrines</span> <span class='ocrx_word' id='word_1_214' title='bbox 1368 3158 1401 3212; x_wconf 81' lang='lat' dir='ltr'>oi</span> <span class='ocrx_word' id='word_1_215' title='bbox 1409 3158 1536 3212; x_wconf 86' lang='lat' dir='ltr'>Telesius</span> 
     </span>
     <span class='ocr_line' id='line_1_26' title="bbox 386 3242 1536 3314; baseline -0.003 -17"><span class='ocrx_word' id='word_1_216' title='bbox 386 3244 447 3298; x_wconf 88' lang='lat' dir='ltr'>that</span> <span class='ocrx_word' id='word_1_217' title='bbox 459 3244 508 3297; x_wconf 90' lang='lat' dir='ltr'>the</span> <span class='ocrx_word' id='word_1_218' title='bbox 521 3260 582 3310; x_wconf 91' lang='lat' dir='ltr'>sun,</span> <span class='ocrx_word' id='word_1_219' title='bbox 595 3244 652 3298; x_wconf 90' lang='lat' dir='ltr'>and</span> <span class='ocrx_word' id='word_1_220' title='bbox 665 3245 713 3299; x_wconf 88' lang='lat' dir='ltr'>the</span> <span class='ocrx_word' id='word_1_221' title='bbox 727 3245 865 3314; x_wconf 87' lang='lat' dir='ltr'>heavenly</span> <span class='ocrx_word' id='word_1_222' title='bbox 878 3243 975 3298; x_wconf 91' lang='lat' dir='ltr'>bodies</span> <span class='ocrx_word' id='word_1_223' title='bbox 988 3244 1137 3313; x_wconf 86' lang='lat' dir='ltr'>generally,</span> <span class='ocrx_word' id='word_1_224' title='bbox 1150 3243 1256 3312; x_wconf 80' lang='lat' dir='ltr'>modily</span> <span class='ocrx_word' id='word_1_225' title='bbox 1269 3243 1315 3296; x_wconf 90' lang='lat' dir='ltr'>the</span> <span class='ocrx_word' id='word_1_226' title='bbox 1328 3242 1435 3296; x_wconf 86' lang='lat' dir='ltr'>surlace</span> <span class='ocrx_word' id='word_1_227' title='bbox 1447 3243 1478 3295; x_wconf 89' lang='lat' dir='ltr'>os</span> <span class='ocrx_word' id='word_1_228' title='bbox 1488 3243 1536 3295; x_wconf 91' lang='lat' dir='ltr'>the</span> 
     </span>
     <span class='ocr_line' id='line_1_27' title="bbox 386 3325 1535 3397; baseline -0.003 -16"><span class='ocrx_word' id='word_1_229' title='bbox 386 3327 466 3381; x_wconf 89' lang='lat' dir='ltr'>earth</span> <span class='ocrx_word' id='word_1_230' title='bbox 485 3325 542 3380; x_wconf 87' lang='lat' dir='ltr'>and</span> <span class='ocrx_word' id='word_1_231' title='bbox 560 3327 609 3381; x_wconf 89' lang='lat' dir='ltr'>the</span> <span class='ocrx_word' id='word_1_232' title='bbox 627 3338 703 3396; x_wconf 90' lang='lat' dir='ltr'>parts</span> <span class='ocrx_word' id='word_1_233' title='bbox 722 3327 852 3397; x_wconf 87' lang='lat' dir='ltr'>adjacent</span> <span class='ocrx_word' id='word_1_234' title='bbox 872 3337 901 3381; x_wconf 90' lang='lat' dir='ltr'>to</span> <span class='ocrx_word' id='word_1_235' title='bbox 920 3329 968 3382; x_wconf 91' lang='lat' dir='ltr'>the</span> <span class='ocrx_word' id='word_1_236' title='bbox 987 3327 1102 3394; x_wconf 87' lang='lat' dir='ltr'>surlace,</span> <span class='ocrx_word' id='word_1_237' title='bbox 1122 3327 1271 3394; x_wconf 85' lang='lat' dir='ltr'>rendering</span> <span class='ocrx_word' id='word_1_238' title='bbox 1288 3326 1365 3379; x_wconf 88' lang='lat' dir='ltr'>theru</span> <span class='ocrx_word' id='word_1_239' title='bbox 1384 3343 1459 3378; x_wconf 91' lang='lat' dir='ltr'>rarer</span> <span class='ocrx_word' id='word_1_240' title='bbox 1478 3325 1535 3378; x_wconf 90' lang='lat' dir='ltr'>and</span> 
     </span>
     <span class='ocr_line' id='line_1_28' title="bbox 385 3407 1540 3480; baseline -0.001 -19"><span class='ocrx_word' id='word_1_241' title='bbox 385 3425 503 3462; x_wconf 86' lang='lat' dir='ltr'>warrner</span> <span class='ocrx_word' id='word_1_242' title='bbox 523 3409 592 3464; x_wconf 89' lang='lat' dir='ltr'>thau</span> <span class='ocrx_word' id='word_1_243' title='bbox 614 3411 680 3479; x_wconf 88' lang='lat' dir='ltr'>they</span> <span class='ocrx_word' id='word_1_244' title='bbox 691 3429 739 3465; x_wconf 90' lang='lat' dir='ltr'>are</span> <span class='ocrx_word' id='word_1_245' title='bbox 758 3411 795 3480; x_wconf 94' lang='lat' dir='ltr'>by</span> <span class='ocrx_word' id='word_1_246' title='bbox 808 3409 880 3464; x_wconf 88' lang='lat' dir='ltr'>their</span> <span class='ocrx_word' id='word_1_247' title='bbox 897 3428 960 3464; x_wconf 88' lang='lat' dir='ltr'>own</span> <span class='ocrx_word' id='word_1_248' title='bbox 979 3421 1095 3476; x_wconf 87' lang='lat' dir='ltr'>nature;</span> <span class='ocrx_word' id='word_1_249' title='bbox 1115 3410 1195 3464; x_wconf 88' lang='lat' dir='ltr'>while</span> <span class='ocrx_word' id='word_1_250' title='bbox 1214 3410 1262 3463; x_wconf 89' lang='lat' dir='ltr'>the</span> <span class='ocrx_word' id='word_1_251' title='bbox 1280 3407 1394 3462; x_wconf 89' lang='lat' dir='ltr'>interior</span> <span class='ocrx_word' id='word_1_252' title='bbox 1412 3418 1489 3479; x_wconf 85' lang='lat' dir='ltr'>parts</span> <span class='ocrx_word' id='word_1_253' title='bbox 1507 3408 1540 3461; x_wconf 87' lang='lat' dir='ltr'>of</span> 
     </span>
     <span class='ocr_line' id='line_1_29' title="bbox 386 3491 1535 3564; baseline -0.001 -19"><span class='ocrx_word' id='word_1_254' title='bbox 386 3491 434 3546; x_wconf 91' lang='lat' dir='ltr'>the</span> <span class='ocrx_word' id='word_1_255' title='bbox 450 3492 530 3544; x_wconf 88' lang='lat' dir='ltr'>earth</span> <span class='ocrx_word' id='word_1_256' title='bbox 542 3491 648 3547; x_wconf 86' lang='lat' dir='ltr'>exbibit</span> <span class='ocrx_word' id='word_1_257' title='bbox 664 3493 699 3547; x_wconf 88' lang='lat' dir='ltr'>its</span> <span class='ocrx_word' id='word_1_258' title='bbox 716 3493 839 3564; x_wconf 90' lang='lat' dir='ltr'>peculiar</span> <span class='ocrx_word' id='word_1_259' title='bbox 851 3493 1074 3548; x_wconf 87' lang='lat' dir='ltr'>characteristics</span> <span class='ocrx_word' id='word_1_260' title='bbox 1086 3493 1117 3549; x_wconf 86' lang='lat' dir='ltr'>ol</span> <span class='ocrx_word' id='word_1_261' title='bbox 1134 3493 1272 3559; x_wconf 89' lang='lat' dir='ltr'>coldness,</span> <span class='ocrx_word' id='word_1_262' title='bbox 1285 3508 1437 3556; x_wconf 88' lang='lat' dir='ltr'>crassness,</span> <span class='ocrx_word' id='word_1_263' title='bbox 1450 3491 1535 3545; x_wconf 87' lang='lat' dir='ltr'>dark-</span> 
     </span>
     <span class='ocr_line' id='line_1_30' title="bbox 383 3573 1535 3645; baseline -0.002 -17"><span class='ocrx_word' id='word_1_264' title='bbox 383 3591 458 3642; x_wconf 89' lang='lat' dir='ltr'>ness,</span> <span class='ocrx_word' id='word_1_265' title='bbox 471 3573 528 3628; x_wconf 89' lang='lat' dir='ltr'>aud</span> <span class='ocrx_word' id='word_1_266' title='bbox 546 3574 721 3644; x_wconf 89' lang='lat' dir='ltr'>immobility.</span> <span class='ocrx_word' id='word_1_267' title='bbox 759 3578 812 3632; x_wconf 90' lang='lat' dir='ltr'>See</span> <span class='ocrx_word' id='word_1_268' title='bbox 826 3576 961 3641; x_wconf 89' lang='lat' dir='ltr'>Telesius,</span> <span class='ocrx_word' id='word_1_269' title='bbox 975 3578 1020 3630; x_wconf 93' lang='lat' dir='ltr'>De</span> <span class='ocrx_word' id='word_1_270' title='bbox 1033 3578 1138 3630; x_wconf 90' lang='lat' dir='ltr'>Rerum</span> <span class='ocrx_word' id='word_1_271' title='bbox 1153 3578 1269 3642; x_wconf 90' lang='lat' dir='ltr'>Natura,</span> <span class='ocrx_word' id='word_1_272' title='bbox 1281 3574 1328 3629; x_wconf 92' lang='lat' dir='ltr'>lib.</span> <span class='ocrx_word' id='word_1_273' title='bbox 1342 3575 1359 3628; x_wconf 88' lang='lat' dir='ltr'>i.</span> <span class='ocrx_word' id='word_1_274' title='bbox 1374 3574 1535 3645; x_wconf 86' lang='lat' dir='ltr'>(especially</span> 
     </span>
     <span class='ocr_line' id='line_1_31' title="bbox 384 3656 1534 3730; baseline 0.001 -20"><span class='ocrx_word' id='word_1_275' title='bbox 384 3656 443 3711; x_wconf 89' lang='lat' dir='ltr'>chs.</span> <span class='ocrx_word' id='word_1_276' title='bbox 458 3670 482 3727; x_wconf 86' lang='lat'>5,</span> <span class='ocrx_word' id='word_1_277' title='bbox 498 3657 612 3726; x_wconf 80' lang='lat'>10-14);</span> <span class='ocrx_word' id='word_1_278' title='bbox 633 3660 737 3728; x_wconf 87' lang='lat' dir='ltr'>Bacon,</span> <span class='ocrx_word' id='word_1_279' title='bbox 752 3661 797 3714; x_wconf 88' lang='lat' dir='ltr'>De</span> <span class='ocrx_word' id='word_1_280' title='bbox 812 3659 958 3730; x_wconf 87' lang='lat' dir='ltr'>Principiis</span> <span class='ocrx_word' id='word_1_281' title='bbox 976 3669 1059 3730; x_wconf 87' lang='lat' dir='ltr'>atque</span> <span class='ocrx_word' id='word_1_282' title='bbox 1073 3658 1245 3728; x_wconf 86' lang='lat' dir='ltr'>Originibus,</span> <span class='ocrx_word' id='word_1_283' title='bbox 1263 3659 1297 3713; x_wconf 90' lang='lat' dir='ltr'>E.</span> <span class='ocrx_word' id='word_1_284' title='bbox 1309 3657 1366 3714; x_wconf 85' lang='lat' dir='ltr'>aud</span> <span class='ocrx_word' id='word_1_285' title='bbox 1380 3659 1417 3726; x_wconf 83' lang='grc'>5.,</span> <span class='ocrx_word' id='word_1_286' title='bbox 1431 3659 1485 3712; x_wconf 84' lang='grc' dir='ltr'><strong>νοῙ.</strong></span> <span class='ocrx_word' id='word_1_287' title='bbox 1499 3657 1534 3712; x_wconf 90' lang='lat' dir='ltr'>iii.</span> 
     </span>
    </p>

    <p class='ocr_par' dir='ltr' id='par_1_6' title="bbox 384 3823 1535 3975">
     <span class='ocr_line' id='line_1_32' title="bbox 419 3823 1535 3896; baseline 0 -18"><span class='ocrx_word' id='word_1_288' title='bbox 419 3824 554 3878; x_wconf 84' lang='lat' dir='ltr'>Towards</span> <span class='ocrx_word' id='word_1_289' title='bbox 572 3826 620 3879; x_wconf 90' lang='lat' dir='ltr'>the</span> <span class='ocrx_word' id='word_1_290' title='bbox 638 3825 695 3880; x_wconf 91' lang='lat' dir='ltr'>end</span> <span class='ocrx_word' id='word_1_291' title='bbox 713 3825 746 3880; x_wconf 92' lang='lat' dir='ltr'>os</span> <span class='ocrx_word' id='word_1_292' title='bbox 753 3826 827 3896; x_wconf 88' lang='lat' dir='ltr'>Aph.</span> <span class='ocrx_word' id='word_1_293' title='bbox 841 3841 884 3893; x_wconf 84' lang='lat'>20,</span> <span class='ocrx_word' id='word_1_294' title='bbox 904 3827 1001 3880; x_wconf 87' lang='lat' dir='ltr'>Bacou</span> <span class='ocrx_word' id='word_1_295' title='bbox 1020 3843 1084 3880; x_wconf 89' lang='lat' dir='ltr'>uses</span> <span class='ocrx_word' id='word_1_296' title='bbox 1103 3826 1152 3880; x_wconf 89' lang='lat' dir='ltr'>the</span> <span class='ocrx_word' id='word_1_297' title='bbox 1169 3824 1328 3896; x_wconf 87' lang='lat' dir='ltr'>expression</span> <span class='ocrx_word' id='word_1_298' title='bbox 1346 3823 1498 3880; x_wconf 88' lang='lat' dir='ltr'>‘imbutum</span> <span class='ocrx_word' id='word_1_299' title='bbox 1518 3841 1535 3878; x_wconf 87' lang='lat' dir='ltr'>a</span> 
     </span>
     <span class='ocr_line' id='line_1_33' title="bbox 384 3907 866 3975; baseline 0.006 -15"><span class='ocrx_word' id='word_1_300' title='bbox 384 3907 567 3975; x_wconf 87' lang='lat' dir='ltr'>coelestibus,&#39;</span> <span class='ocrx_word' id='word_1_301' title='bbox 580 3925 616 3962; x_wconf 91' lang='lat' dir='ltr'>on</span> <span class='ocrx_word' id='word_1_302' title='bbox 630 3909 720 3962; x_wconf 82' lang='lat' dir='ltr'>which</span> <span class='ocrx_word' id='word_1_303' title='bbox 733 3926 780 3963; x_wconf 88' lang='lat' dir='ltr'>see</span> <span class='ocrx_word' id='word_1_304' title='bbox 792 3919 866 3963; x_wconf 89' lang='lat' dir='ltr'>note.</span> 
     </span>
    </p>

    <p class='ocr_par' dir='ltr' id='par_1_7' title="bbox 382 3988 1535 4226">
     <span class='ocr_line' id='line_1_34' title="bbox 417 3988 1534 4061; baseline -0.001 -16"><span class='ocrx_word' id='word_1_305' title='bbox 417 3988 440 4021; x_wconf 80' lang='lat'>⁸⁹</span> <span class='ocrx_word' id='word_1_306' title='bbox 459 3992 510 4045; x_wconf 91' lang='lat' dir='ltr'>Dr.</span> <span class='ocrx_word' id='word_1_307' title='bbox 521 3990 634 4061; x_wconf 89' lang='lat' dir='ltr'>Hippus</span> <span class='ocrx_word' id='word_1_308' title='bbox 652 3992 777 4045; x_wconf 84' lang='lat' dir='ltr'>remarks</span> <span class='ocrx_word' id='word_1_309' title='bbox 791 4009 857 4060; x_wconf 90' lang='lat' dir='ltr'>very</span> <span class='ocrx_word' id='word_1_310' title='bbox 870 3993 929 4046; x_wconf 83' lang='lat' dir='ltr'>well</span> <span class='ocrx_word' id='word_1_311' title='bbox 947 3992 1008 4046; x_wconf 86' lang='lat' dir='ltr'>that</span> <span class='ocrx_word' id='word_1_312' title='bbox 1026 3991 1083 4045; x_wconf 90' lang='lat' dir='ltr'>this</span> <span class='ocrx_word' id='word_1_313' title='bbox 1101 3993 1174 4046; x_wconf 84' lang='lat' dir='ltr'>class</span> <span class='ocrx_word' id='word_1_314' title='bbox 1187 3991 1220 4045; x_wconf 84' lang='lat' dir='ltr'>ol</span> <span class='ocrx_word' id='word_1_315' title='bbox 1233 3992 1304 4046; x_wconf 81' lang='lat' dir='ltr'>facts</span> <span class='ocrx_word' id='word_1_316' title='bbox 1322 4009 1353 4046; x_wconf 93' lang='lat' dir='ltr'>or</span> <span class='ocrx_word' id='word_1_317' title='bbox 1370 3991 1464 4045; x_wconf 88' lang='lat' dir='ltr'>rather</span> <span class='ocrx_word' id='word_1_318' title='bbox 1477 4001 1534 4045; x_wconf 91' lang='lat' dir='ltr'>ten·</span> 
     </span>
     <span class='ocr_line' id='line_1_35' title="bbox 382 4073 1535 4144; baseline 0 -16"><span class='ocrx_word' id='word_1_319' title='bbox 382 4073 497 4128; x_wconf 88' lang='lat' dir='ltr'>dencies</span> <span class='ocrx_word' id='word_1_320' title='bbox 509 4073 599 4143; x_wconf 87' lang='lat' dir='ltr'>might</span> <span class='ocrx_word' id='word_1_321' title='bbox 612 4074 685 4128; x_wconf 90' lang='lat' dir='ltr'>have</span> <span class='ocrx_word' id='word_1_322' title='bbox 702 4076 772 4129; x_wconf 90' lang='lat' dir='ltr'>been</span> <span class='ocrx_word' id='word_1_323' title='bbox 785 4075 892 4129; x_wconf 87' lang='lat' dir='ltr'>further</span> <span class='ocrx_word' id='word_1_324' title='bbox 906 4075 1060 4129; x_wconf 87' lang='lat' dir='ltr'>illustrated</span> <span class='ocrx_word' id='word_1_325' title='bbox 1074 4075 1111 4144; x_wconf 93' lang='lat' dir='ltr'>by</span> <span class='ocrx_word' id='word_1_326' title='bbox 1124 4077 1230 4128; x_wconf 79' lang='lat' dir='ltr'>torn&#39;on</span> <span class='ocrx_word' id='word_1_327' title='bbox 1244 4091 1276 4128; x_wconf 93' lang='lat' dir='ltr'>or</span> <span class='ocrx_word' id='word_1_328' title='bbox 1288 4075 1335 4130; x_wconf 91' lang='lat' dir='ltr'>the</span> <span class='ocrx_word' id='word_1_329' title='bbox 1352 4075 1433 4130; x_wconf 81' lang='lat' dir='ltr'>effort</span> <span class='ocrx_word' id='word_1_330' title='bbox 1451 4076 1535 4128; x_wconf 89' lang='lat' dir='ltr'>made</span> 
     </span>
     <span class='ocr_line' id='line_1_36' title="bbox 382 4156 1321 4226; baseline 0.002 -16"><span class='ocrx_word' id='word_1_331' title='bbox 382 4157 419 4225; x_wconf 92' lang='lat' dir='ltr'>by</span> <span class='ocrx_word' id='word_1_332' title='bbox 432 4172 449 4210; x_wconf 87' lang='lat' dir='ltr'>a</span> <span class='ocrx_word' id='word_1_333' title='bbox 461 4157 569 4224; x_wconf 88' lang='lat' dir='ltr'>thread,</span> <span class='ocrx_word' id='word_1_334' title='bbox 584 4156 657 4222; x_wconf 86' lang='lat' dir='ltr'>wire,</span> <span class='ocrx_word' id='word_1_335' title='bbox 671 4175 702 4212; x_wconf 95' lang='lat' dir='ltr'>or</span> <span class='ocrx_word' id='word_1_336' title='bbox 713 4159 761 4213; x_wconf 90' lang='lat' dir='ltr'>the</span> <span class='ocrx_word' id='word_1_337' title='bbox 774 4158 838 4226; x_wconf 88' lang='lat' dir='ltr'>like,</span> <span class='ocrx_word' id='word_1_338' title='bbox 851 4159 931 4214; x_wconf 91' lang='lat' dir='ltr'>when</span> <span class='ocrx_word' id='word_1_339' title='bbox 944 4158 1062 4224; x_wconf 89' lang='lat' dir='ltr'>twisted,</span> <span class='ocrx_word' id='word_1_340' title='bbox 1077 4168 1105 4212; x_wconf 94' lang='lat' dir='ltr'>to</span> <span class='ocrx_word' id='word_1_341' title='bbox 1117 4158 1227 4212; x_wconf 84' lang='lat' dir='ltr'>untwist</span> <span class='ocrx_word' id='word_1_342' title='bbox 1241 4158 1321 4212; x_wconf 82' lang='lat' dir='ltr'>itsels.</span> 
     </span>
    </p>

    <p class='ocr_par' dir='ltr' id='par_1_8' title="bbox 383 4239 1535 4546">
     <span class='ocr_line' id='line_1_37' title="bbox 418 4239 1535 4312; baseline 0.001 -19"><span class='ocrx_word' id='word_1_343' title='bbox 418 4241 462 4293; x_wconf 88' lang='lat' dir='ltr'>To</span> <span class='ocrx_word' id='word_1_344' title='bbox 471 4249 590 4310; x_wconf 87' lang='lat' dir='ltr'>attempt</span> <span class='ocrx_word' id='word_1_345' title='bbox 599 4250 629 4294; x_wconf 88' lang='lat' dir='ltr'>to</span> <span class='ocrx_word' id='word_1_346' title='bbox 642 4240 763 4308; x_wconf 70' lang='lat' dir='ltr'>classhy,</span> <span class='ocrx_word' id='word_1_347' title='bbox 771 4241 882 4308; x_wconf 87' lang='lat' dir='ltr'>reduce,</span> <span class='ocrx_word' id='word_1_348' title='bbox 891 4259 924 4296; x_wconf 96' lang='lat' dir='ltr'>or</span> <span class='ocrx_word' id='word_1_349' title='bbox 933 4244 1069 4312; x_wconf 89' lang='lat' dir='ltr'>complete</span> <span class='ocrx_word' id='word_1_350' title='bbox 1080 4241 1136 4295; x_wconf 91' lang='lat' dir='ltr'>this</span> <span class='ocrx_word' id='word_1_351' title='bbox 1144 4241 1189 4296; x_wconf 90' lang='lat' dir='ltr'>list</span> <span class='ocrx_word' id='word_1_352' title='bbox 1196 4241 1227 4294; x_wconf 88' lang='lat' dir='ltr'>ol</span> <span class='ocrx_word' id='word_1_353' title='bbox 1237 4241 1373 4296; x_wconf 86' lang='lat' dir='ltr'>so·called</span> <span class='ocrx_word' id='word_1_354' title='bbox 1383 4239 1535 4308; x_wconf 90' lang='lat' dir='ltr'>‘motions,&#39;</span> 
     </span>
     <span class='ocr_line' id='line_1_38' title="bbox 384 4323 1534 4394; baseline 0.003 -19"><span class='ocrx_word' id='word_1_355' title='bbox 384 4323 475 4376; x_wconf 84' lang='lat' dir='ltr'>would</span> <span class='ocrx_word' id='word_1_356' title='bbox 493 4323 530 4376; x_wconf 88' lang='lat' dir='ltr'>be</span> <span class='ocrx_word' id='word_1_357' title='bbox 542 4323 574 4376; x_wconf 86' lang='lat' dir='ltr'>ol</span> <span class='ocrx_word' id='word_1_358' title='bbox 588 4339 626 4376; x_wconf 92' lang='lat' dir='ltr'>no</span> <span class='ocrx_word' id='word_1_359' title='bbox 647 4323 753 4378; x_wconf 87' lang='lat' dir='ltr'>service</span> <span class='ocrx_word' id='word_1_360' title='bbox 772 4335 800 4378; x_wconf 94' lang='lat' dir='ltr'>to</span> <span class='ocrx_word' id='word_1_361' title='bbox 818 4325 866 4380; x_wconf 92' lang='lat' dir='ltr'>the</span> <span class='ocrx_word' id='word_1_362' title='bbox 884 4326 1005 4380; x_wconf 89' lang='lat' dir='ltr'>student.</span> <span class='ocrx_word' id='word_1_363' title='bbox 1043 4326 1054 4377; x_wconf 93' lang='lat'><em>1</em></span> <span class='ocrx_word' id='word_1_364' title='bbox 1076 4325 1148 4380; x_wconf 88' lang='lat' dir='ltr'>have</span> <span class='ocrx_word' id='word_1_365' title='bbox 1167 4325 1282 4394; x_wconf 87' lang='lat' dir='ltr'>already</span> <span class='ocrx_word' id='word_1_366' title='bbox 1294 4323 1356 4379; x_wconf 90' lang='lat' dir='ltr'>said</span> <span class='ocrx_word' id='word_1_367' title='bbox 1373 4325 1485 4393; x_wconf 89' lang='lat' dir='ltr'>enough</span> <span class='ocrx_word' id='word_1_368' title='bbox 1505 4337 1534 4378; x_wconf 92' lang='lat' dir='ltr'>to</span> 
     </span>
     <span class='ocr_line' id='line_1_39' title="bbox 383 4405 1534 4477; baseline 0.003 -19"><span class='ocrx_word' id='word_1_369' title='bbox 383 4406 483 4460; x_wconf 87' lang='lat' dir='ltr'>enable</span> <span class='ocrx_word' id='word_1_370' title='bbox 499 4405 559 4459; x_wconf 88' lang='lat' dir='ltr'>him</span> <span class='ocrx_word' id='word_1_371' title='bbox 575 4416 605 4459; x_wconf 91' lang='lat' dir='ltr'>to</span> <span class='ocrx_word' id='word_1_372' title='bbox 621 4407 753 4462; x_wconf 80' lang='lat' dir='ltr'>estimare</span> <span class='ocrx_word' id='word_1_373' title='bbox 770 4409 818 4462; x_wconf 90' lang='lat' dir='ltr'>the</span> <span class='ocrx_word' id='word_1_374' title='bbox 831 4409 912 4464; x_wconf 86' lang='lat' dir='ltr'>value</span> <span class='ocrx_word' id='word_1_375' title='bbox 931 4409 962 4463; x_wconf 89' lang='lat' dir='ltr'>ol</span> <span class='ocrx_word' id='word_1_376' title='bbox 973 4408 1093 4463; x_wconf 89' lang='lat' dir='ltr'>Bacon&#39;s</span> <span class='ocrx_word' id='word_1_377' title='bbox 1110 4407 1311 4477; x_wconf 84' lang='lat' dir='ltr'>enumeration,</span> <span class='ocrx_word' id='word_1_378' title='bbox 1325 4425 1357 4463; x_wconf 87' lang='lat' dir='ltr'>as</span> <span class='ocrx_word' id='word_1_379' title='bbox 1370 4409 1430 4462; x_wconf 87' lang='lat' dir='ltr'>well</span> <span class='ocrx_word' id='word_1_380' title='bbox 1448 4424 1479 4462; x_wconf 85' lang='lat' dir='ltr'>as</span> <span class='ocrx_word' id='word_1_381' title='bbox 1500 4408 1534 4462; x_wconf 89' lang='lat' dir='ltr'>its</span> 
     </span>
     <span class='ocr_line' id='line_1_40' title="bbox 383 4487 793 4546; baseline 0.007 -5"><span class='ocrx_word' id='word_1_382' title='bbox 383 4487 494 4543; x_wconf 90' lang='lat' dir='ltr'>various</span> <span class='ocrx_word' id='word_1_383' title='bbox 506 4505 598 4544; x_wconf 86' lang='lat' dir='ltr'>errors</span> <span class='ocrx_word' id='word_1_384' title='bbox 610 4490 666 4544; x_wconf 88' lang='lat' dir='ltr'>and</span> <span class='ocrx_word' id='word_1_385' title='bbox 679 4490 793 4546; x_wconf 80' lang='lat' dir='ltr'>deiects.</span> 
     </span>
    </p>
   </div>
   <div class='ocr_carea' id='block_1_6' title="bbox 0 0 1650 5138">
    <p class='ocr_par' dir='ltr' id='par_1_9' title="bbox 0 0 1650 5138">
     <span class='ocr_line' id='line_1_41' title="bbox 0 0 1650 5138; baseline 0 1"><span class='ocrx_word' id='word_1_386' title='bbox 0 0 1650 5138; x_wconf 95' lang='lat' dir='ltr'> </span> 
     </span>
    </p>
   </div>
  </div>
 </body>
</html>
