3250 5138
638 387 718 443 rra.
742 388 784 443 rr.
808 391 860 461 50·
1262 393 1327 462 575

172 553 230 616 sed
246 551 480 628 transitoriam,
497 562 531 617 et
546 552 707 618 nitentem
723 571 855 638 semper
869 553 912 618 ad
931 553 1174 618 restitutionem
1193 563 1227 619 et
1246 553 1327 618 libe·

172 657 335 722 rationem
351 657 411 721 sui.
441 657 605 722 Attamen
622 678 688 722 non
704 658 764 721 abs
781 678 815 720 re
830 658 915 722 foret
930 657 1028 739 hujus
1045 659 1089 722 rei
1101 658 1209 722 facere
1224 679 1326 741 expe-

173 761 315 826 rimenta
329 760 440 843 aliqua
456 761 666 844 diligentiora
678 785 685 838 ;
709 763 752 825 ad
768 762 832 826 hoc
844 762 979 839 scilicet,
991 773 1100 826 utrum
1114 762 1328 826 condensatio

172 865 318 948 corporis
333 866 418 928 bene
433 864 586 929 similaris
601 862 725 949 (qualia
740 874 818 929 sunt
836 873 901 942 aer,
916 886 1012 948 aqua,
1028 865 1146 941 oleum,
1163 875 1197 930 et
1214 865 1328 948 hujus·

173 965 287 1052 modi),
299 978 358 1033 aut
370 968 544 1032 rarefactio
556 969 706 1034 similiter
717 989 776 1051 per
786 970 979 1035 violentiam
991 969 1104 1047 indita,
1117 970 1246 1052 possint
1257 969 1327 1034 lieri

172 1081 363 1136 constantes
385 1080 419 1136 et
441 1071 530 1135 fixae
553 1081 586 1135 et
607 1073 701 1155 quasi
723 1083 870 1137 mutatae
891 1074 924 1136 in
944 1083 1095 1136 naturam
1106 1071 1129 1136 ⁴.
1176 1073 1215 1136 Id
1235 1075 1325 1156 quod

172 1177 282 1258 primo
298 1176 534 1259 experiendum
551 1197 610 1260 per
626 1197 752 1241 moram
768 1176 971 1260 simplicem3
995 1177 1116 1240 deinde
1130 1197 1189 1260 per
1202 1175 1328 1242 auxilia

171 1289 206 1343 et
219 1299 404 1344 consensus.
433 1279 549 1362 Atque
564 1279 642 1344 illud
659 1281 755 1344 nobis
767 1281 799 1343 in
816 1291 972 1364 promptu
987 1281 1102 1344 fuisset
1117 1277 1158 1364 (si
1173 1282 1275 1344 modo
1291 1281 1324 1344 in

174 1393 319 1447 mentem
334 1381 501 1468 venisset),
517 1403 591 1448 cum
607 1404 728 1467 aquam
745 1381 802 1468 (de
817 1404 883 1466 qua
898 1383 976 1447 alibi
987 1383 1014 1469 ὅ)
1027 1405 1084 1467 per
1099 1384 1327 1448 malleationes

47 1505 55 1518 ·
174 1499 206 1552 et
219 1489 383 1571 pressoria
392 1488 675 1563 condensavimus‚
686 1498 865 1571 antequam
875 1499 1070 1571 erumperet.
1097 1488 1326 1552 Debueramus

174 1593 261 1656 enim
274 1592 449 1674 sphaeram
462 1593 707 1676 complanatam
720 1613 778 1675 per
789 1592 918 1675 aliquot
928 1593 999 1655 dies
1015 1593 1076 1656 sibi
1087 1591 1280 1675 permisisse,
1293 1603 1326 1656 et

173 1704 245 1760 tum
258 1696 392 1760 demum
405 1716 525 1778 aquarn
539 1698 743 1775 extraxisse;
763 1707 799 1760 ut
817 1696 910 1761 fieret
926 1697 1199 1779 experimentum,
1216 1707 1325 1761 utrum

173 1800 287 1863 statim
308 1799 486 1882 impletura
505 1799 621 1864 luisset
640 1800 742 1864 talem
762 1800 1011 1876 dimensionem,
1030 1800 1163 1882 qualem
1181 1799 1327 1865 habebat

173 1913 251 1968 ante
265 1905 568 1969 condensationem.
596 1903 696 1986 Quod
709 1903 735 1967 si
747 1925 813 1968 non
825 1903 954 1969 fecisset
967 1914 1025 1968 aut
1037 1905 1160 1976 statim,
1170 1913 1229 1968 aut
1239 1915 1327 1969 certe

174 2005 275 2090 paulo
290 2016 375 2090 post,
388 2019 544 2073 constans
555 2008 709 2072 videlicet
721 2007 809 2072 lacta
820 2008 922 2071 videri
934 2009 1097 2090 potuisset
1110 2010 1173 2072 ista
1184 2009 1326 2074 conden-

174 2112 280 2188 sati03
310 2113 360 2175 sin
384 2113 501 2190 minus,
524 2112 729 2196 apparuisset
751 2112 874 2176 factam
897 2111 994 2176 luisse
1017 2113 1269 2188 restitutionem,
1292 2121 1327 2176 et

174 2215 451 2298 compressionem
468 2216 568 2280 luisse
584 2215 816 2280 transitoriam.
850 2215 964 2278 Etiam
979 2215 1087 2279 simile
1102 2216 1261 2297 quiddam
1277 2217 1326 2280 fa-

175 2319 327 2383 ciendum
343 2331 414 2384 erat
428 2321 513 2384 circa
529 2320 757 2384 extensionem
774 2320 858 2383 ae'ris
876 2319 909 2382 in
926 2319 994 2383 ovis
1009 2320 1121 2383 vitreis
1131 2320 1153 2384 ⁶.
1192 2319 1324 2384 Etenim

173 2424 334 2487 debuerat
355 2423 433 2502 fieri,
449 2433 525 2507 post
547 2423 758 2487 exuctionem
780 2422 909 2500 sortem,
930 2423 1041 2487 subita
1061 2434 1094 2487 et
1113 2422 1206 2486 firma
1227 2423 1325 2487 obtu-

173 2527 278 2606 ratio;
300 2527 421 2592 deinde
436 2529 617 2592 debuerant
633 2547 694 2592 ova
711 2526 766 2590 illa
783 2546 916 2590 manere
932 2527 979 2591 ita
994 2528 1148 2590 obturata
1166 2548 1225 2611 per
1243 2548 1325 2591 non-

173 2630 281 2694 nullos
296 2632 384 2709 dies;
408 2640 442 2696 et
457 2641 528 2696 tum
544 2632 679 2695 demum
696 2630 933 2715 experiendum
946 2631 1069 2709 fuisset,
1083 2642 1193 2695 utrum
1210 2642 1326 2714 aperto

173 2733 333 2799 foramine
355 2743 517 2800 attractus
538 2735 653 2799 fuisset
676 2741 732 2798 aer
753 2755 828 2799 cum
851 2735 957 2813 sibilo,
980 2744 1038 2799 aut
1061 2736 1161 2798 etiam
1184 2746 1325 2800 attracta

172 2837 285 2903 suisset
301 2850 395 2903 tanta
410 2840 578 2922 quantitas
590 2859 696 2920 aquae
709 2849 785 2922 post
802 2839 1054 2914 immersionem,
1070 2849 1195 2922 quanta
1210 2839 1325 2905 fuisset

173 2943 216 3007 ab
232 2942 332 3022 initio,
348 2943 375 3006 si
392 2941 482 3006 nulla
500 2942 650 3006 adhibita
671 2942 785 3008 luisset
807 2964 908 3007 mora
954 2943 1129 3008 Probabile
1150 2943 1247 3018 enim,
1268 2955 1327 3009 aut

173 3046 293 3112 saltem
320 3047 458 3130 dignum
482 3047 680 3131 probatione
703 3058 762 3122 est,
786 3046 867 3111 haec
890 3046 960 3110 fieri
983 3049 1130 3129 potuisse
1152 3056 1186 3112 et
1209 3069 1326 3131 posse;

174 3162 349 3234 propterea
383 3152 473 3233 quod
511 3152 543 3214 in
577 3152 769 3233 corporibus
802 3149 902 3234 paulo
936 3151 1041 3231 magis
1076 3152 1326 3217 dissimilaribus

172 3255 292 3318 similia
322 3255 441 3319 efficiat
472 3275 564 3317 mora
593 3256 761 3338 temporis.
808 3254 942 3319 Etenim
969 3254 1123 3319 baculum
1150 3276 1209 3338 per
1235 3277 1326 3320 com·

172 3358 373 3440 pressionem
392 3367 562 3422 curvatum
584 3369 660 3441 post
681 3358 816 3440 aliquod
836 3368 968 3441 tempus
989 3379 1054 3422 non
1075 3358 1196 3437 resilit;
1219 3380 1326 3443 neque

173 3461 205 3525 id
233 3463 464 3546 imputandum
492 3473 543 3526 est
569 3461 666 3526 alicui
693 3462 912 3544 deperditioni
939 3483 983 3525 ex
1011 3473 1137 3545 quanto
1163 3461 1242 3548 ligni
1269 3485 1328 3547 per

173 3585 320 3642 moram;
351 3586 428 3630 narn
454 3566 543 3629 idem
568 3565 626 3630 liet
651 3566 684 3629 in
711 3566 833 3630 lamina
857 3567 931 3630 ferri
956 3564 997 3651 (si
1023 3579 1186 3652 augeatur
1210 3567 1325 3656 mora),

172 3688 257 3751 quae
274 3689 339 3733 non
356 3680 406 3733 est
420 3668 624 3750 expirabilis.
652 3668 752 3751 Quod
768 3671 796 3733 si
813 3691 877 3734 non
892 3673 1049 3736 succedat
1061 3673 1325 3755 experimentum

171 3793 232 3856 per
250 3794 374 3837 moram
396 3772 589 3856 simplicem,
611 3784 723 3837 tamen
745 3795 811 3837 non
831 3775 1049 3838 deserendum
1072 3786 1124 3840 est
1145 3777 1324 3860 negotium,

171 3877 230 3940 sed
261 3877 385 3942 auxilia
410 3876 475 3941 alia
500 3877 699 3942 adhibenda.
746 3879 823 3942 Non
850 3880 938 3942 enim
966 3899 1082 3961 parum
1108 3877 1189 3942 lucri
1219 3880 1267 3959 fit,
1296 3883 1324 3946 si

207 4080 218 4110 ⁴
236 4080 311 4134 Both
329 4097 412 4150 gases
430 4082 488 4135 and
506 4080 608 4152 liquids
627 4098 675 4136 are
694 4082 828 4152 persectly
846 4081 961 4148 elastic;
993 4082 1053 4136 that
1073 4079 1098 4136 is
1123 4091 1153 4136 to
1179 4099 1237 4151 say,
1255 4085 1328 4139 alter

171 4162 346 4234 undergoing
358 4183 376 4217 a
388 4165 498 4234 change
511 4165 540 4219 in
553 4166 673 4232 volume,
686 4166 753 4236 they
765 4167 862 4236 regain
874 4168 984 4235 exactly
993 4164 1067 4220 their
1078 4165 1197 4235 original
1207 4168 1327 4236 volume,

172 4247 253 4301 when
267 4247 315 4302 the
328 4246 446 4342 original
459 4265 589 4318 pressure
603 4249 627 4305 is
639 4250 775 4306 restored.
812 4249 882 4306 This
894 4250 950 4306 fact
963 4251 1016 4305 bas
1026 4250 1098 4306 been
1108 4249 1280 4307 established
1289 4252 1328 4322 by

172 4347 324 4384 numerous
337 4341 534 4401 expenments.

208 4411 426 4482 “mmmm

207 4493 219 4527 ⁸
238 4494 266 4552 ii.
278 4511 324 4564 45.
