3280 5238
677 355 757 411 LIB.
781 355 823 410 ΙΙ.
846 365 899 426 40.
1294 365 1357 438 503

187 539 292 601 ,quae
323 515 451 584 unciam
482 515 618 584 sortasse
645 537 743 583 unam
774 541 893 603 capere
919 521 1042 604 possit3
1081 521 1243 605 parvitate
1272 523 1359 589 vasis

209 623 268 701 usi,
296 634 333 688 ut
359 623 476 687 minori
503 643 578 686 curn
609 623 718 687 calore
749 634 862 707 posset
891 623 961 688 fieri
988 627 1179 709 evaporatio
1205 647 1357 710 sequens.

209 725 306 790 Hanc
319 727 464 811 phialam
476 727 592 812 spiritu
603 727 669 791 vini
681 729 889 813 implevimus
901 728 969 792 lere
980 730 1023 793 ad
1036 729 1174 808 collum3
1197 730 1357 811 eligentes

207 831 358 914 spiritum
374 832 450 908 vini,
465 833 555 915 quod
576 853 636 915 per
654 832 802 896 tabulam
823 834 965 915 priorem
987 853 1062 897 eum
1084 855 1156 898 esse
1177 855 1220 898 ex
1242 854 1358 919 corpo·

208 935 298 998 ribus
314 935 529 1018 tangibilibus
542 933 641 1020 (quac
657 936 742 1000 bene
754 937 856 1014 unita,
868 957 929 1001 nec
944 957 1025 1002 cava
1041 935 1130 1023 sunt)
1146 938 1358 1017 rarissimum,

131 1093 134 1099 .
206 1049 241 1103 et
268 1039 441 1103 minimum
468 1041 642 1104 continens
667 1039 824 1134 materiae
848 1040 909 1104 sub
934 1062 994 1105 suo
1018 1042 1178 1116 dimenso,
1204 1043 1358 1107 observa-

206 1142 323 1206 vimus.
386 1143 519 1208 Deinde
552 1144 682 1226 pondus
714 1143 857 1225 aquae⁶⁶
890 1165 966 1209 cum
996 1143 1107 1228 phiala
1138 1146 1208 1229 ipsa
1238 1156 1358 1210 exacte

207 1246 402 1310 notavimus.
448 1246 567 1310 Postea
581 1247 724 1311 vesicam
740 1246 936 1331 accepimus,
949 1267 1035 1331 quae
1050 1249 1136 1313 circa
1151 1252 1234 1314 duas
1247 1251 1357 1334 pintas

206 1349 396 1413 contineret.
443 1349 499 1412 Ex
527 1369 566 1412 ea
595 1355 704 1413 aerem
733 1369 878 1425 omnem,
905 1352 1016 1432 quoad
1047 1350 1116 1414 lieri
1146 1353 1264 1434 potuit,
1294 1373 1355 1418 ex·

205 1453 384 1534 pressimus
398 1472 439 1515 eo
460 1472 564 1536 usque
587 1463 623 1516 ut
645 1453 773 1518 vesicae
795 1453 895 1517 ambo
917 1453 1022 1517 latera
1044 1465 1154 1520 essent
1177 1456 1356 1540 contiguet

206 1557 305 1621 etiam
321 1555 413 1640 prius
427 1557 570 1622 vesicam
594 1555 668 1621 oleo
691 1555 875 1621 oblevimus
898 1577 972 1622 cum
996 1558 1167 1623 fricatione
1190 1559 1266 1638 leni,
1289 1582 1356 1644 quo

204 1662 313 1726 vesica
328 1671 414 1726 esset
426 1660 565 1726 clausior
577 1687 584 1726 :
608 1662 687 1744 ejus,
698 1661 726 1725 si
740 1682 805 1744 qua
817 1671 896 1740 erat,
908 1663 1091 1746 porositate
1103 1663 1177 1728 oleo
1190 1665 1356 1730 obturata.

206 1764 303 1830 Hanc
329 1765 472 1829 vesicam
498 1767 583 1830 circa
606 1787 644 1830 os
667 1765 807 1850 phialae,
829 1786 887 1829 ore
909 1765 1039 1849 phialae
1061 1767 1147 1832 intra
1169 1789 1208 1832 os
1229 1769 1358 1834 vesicae

205 1879 349 1952 recepto,
383 1869 513 1933 fortiter
544 1868 739 1951 ligavimus;
777 1867 833 1932 iilo
866 1889 983 1952 parum
1017 1881 1137 1948 cerato,
1168 1880 1205 1934 ut
1240 1872 1357 1937 melius

204 1973 453 2038 adhaeresceret
469 1984 503 2038 et
518 1974 639 2038 arctius
653 1973 779 2055 ligaret.
824 1971 913 2037 Turn
933 1975 1068 2038 demum
1090 1975 1235 2057 phialam
1257 1997 1358 2059 supra

203 2078 364 2141 carbones
379 2079 532 2141 ardentes
543 2078 575 2140 in
589 2075 697 2141 loculo
709 2075 951 2142 collocavimus.
982 2077 1033 2142 At
1046 2078 1146 2161 paulo
1162 2089 1238 2162 post
1252 2099 1357 2162 vapor

204 2181 273 2244 sive
289 2201 369 2246 aura
384 2182 518 2262 spiritus
532 2181 608 2258 vini,
625 2201 682 2263 per
697 2179 838 2245 calorem
855 2180 983 2244 dilatati
998 2193 1032 2246 et
1054 2183 1086 2244 in
1107 2185 1355 2265 pneumaticum

205 2284 299 2361 versi,
331 2284 473 2348 vesicam
511 2282 672 2367 paulatim
710 2283 861 2360 sufflavit,
894 2303 1035 2365 eamque
1073 2286 1258 2350 universam
1292 2286 1357 2350 veli

203 2388 306 2453 instar
320 2389 541 2471 undequaque
557 2387 718 2451 extendit.
765 2385 804 2450 ld
821 2396 999 2470 postquam
1018 2387 1142 2451 lactum
1164 2389 1235 2466 luit,
1251 2391 1355 2454 conti-

203 2511 270 2554 nuo
286 2491 407 2556 vitrum
423 2491 465 2554 ab
482 2491 560 2572 igne
576 2489 783 2566 removimus,
803 2499 837 2552 et
852 2510 951 2573 super
967 2499 1113 2573 tapetem
1128 2493 1297 2574 posuimus
1313 2511 1355 2556 ne

204 2595 323 2678 frigore
348 2595 624 2678 disrumperetur;
658 2593 770 2658 statim
795 2613 929 2675 quoque
953 2589 986 2656 in
1010 2596 1201 2660 summitate
1227 2596 1356 2660 vesicae

203 2698 350 2763 foramen
366 2698 570 2776 fecimusne
590 2718 702 2780 vapor,
717 2706 868 2760 cessante
889 2696 1007 2774 calore,
1029 2699 1061 2760 in
1077 2698 1238 2780 liquorem
1260 2701 1354 2763 resti·

203 2813 295 2867 tutus
315 2803 483 2878 resideret,
505 2812 539 2865 et
560 2803 705 2865 rationes
728 2798 951 2866 confunderet.
996 2801 1085 2864 Tum
1108 2822 1186 2865 vero
1209 2804 1354 2867 vesicam

203 2909 307 2991 ipsam
334 2906 535 2980 sustulimus,
563 2915 597 2969 et
620 2924 731 2968 rursus
753 2905 884 2987 pondus
911 2907 1104 2988 excepimus
1127 2906 1263 2988 spiritus
1284 2905 1355 2970 vini

203 3011 259 3092 qui
276 3011 477 3075 remanebat.
511 3009 594 3073 lnde
605 3019 767 3090 quantum
780 3017 1013 3090 consumptum
1025 3006 1138 3072 luisset
1150 3009 1182 3071 in
1195 3031 1351 3092 vaporem

203 3133 260 3178 seu
277 3115 522 3198 pneumaticum
542 3111 827 3195 computavimus:
852 3122 885 3176 et
901 3112 988 3175 sacta
1004 3111 1179 3176 collatione
1190 3123 1353 3194 quantum

203 3219 311 3282 locum
349 3218 418 3281 sive
450 3219 593 3301 spatium
629 3216 710 3278 illud
744 3236 863 3299 corpus
896 3215 1065 3298 implesset
1098 3219 1234 3298 quando
1265 3229 1352 3282 esset

202 3323 336 3407 spiritus
351 3321 418 3385 vini
439 3322 471 3385 in
492 3320 612 3403 phiala,
633 3330 668 3384 et
689 3339 799 3383 rursus
819 3329 981 3402 quantum
1002 3319 1145 3401 spatium
1166 3318 1352 3403 impleverit

203 3436 381 3509 postquam
416 3425 538 3489 facturn
574 3424 691 3488 suisset
723 3423 968 3507 pneumaticum
1000 3421 1033 3485 in
1063 3423 1179 3500 vesica,
1211 3425 1354 3488 rationes

202 3530 441 3596 subduximus:
470 3530 655 3612 exquibus
679 3527 851 3592 manifeste
873 3527 1029 3610 liquebat,
1053 3548 1172 3611 corpus
1195 3528 1282 3592 istud
1307 3530 1354 3594 ita

202 3807 249 3861 the
268 3821 396 3875 vapours,
414 3803 462 3857 the
479 3801 589 3858 tension
608 3801 640 3857 ol
660 3819 678 3856 a
695 3819 802 3872 vapour
820 3799 978 3869 increasing
997 3799 1106 3871 rapidly
1124 3799 1191 3854 with
1209 3801 1258 3856 the
1281 3811 1352 3856 tem·

202 3899 338 3960 peratore,
351 3887 416 3954 and,
429 3895 458 3941 at
470 3887 518 3941 the
531 3885 630 3956 higher
642 3894 852 3955 temperaturos,
865 3884 893 3938 in
907 3884 990 3938 much
1003 3885 1094 3952 larger
1112 3883 1197 3938 ratios
1215 3884 1285 3937 than
1305 3883 1352 3939 the

201 3981 387 4043 temperature
399 3969 479 4025 itsell.

238 4058 271 4110 ln
285 4056 333 4109 the
347 4056 546 4109 Phaenomena
560 4051 692 4108 Universi
706 4051 751 4122 (E.
764 4052 822 4106 and
834 4051 872 4118 S.,
885 4052 938 4106 vol.
952 4049 989 4104 iii.
1001 4066 1047 4121 pp.
1061 4047 1160 4118 705-7)
1174 4067 1214 4104 we
1227 4049 1299 4103 have
1314 4065 1351 4104 an

200 4149 319 4195 account
333 4139 366 4192 ol
373 4137 421 4192 the
433 4154 510 4192 same
523 4136 696 4206 experiment
709 4136 780 4190 tried
793 4134 858 4190 with
869 4144 961 4200 water,
971 4133 1029 4209 and
1041 4151 1059 4186 a
1071 4133 1249 4202 comparison
1262 4132 1293 4186 oi
1303 4133 1352 4188 the

201 4222 286 4279 result
300 4221 366 4275 with
378 4222 426 4277 the
439 4221 523 4276 result
536 4219 669 4274 obtained
681 4218 752 4273 from
765 4217 859 4288 spirits
872 4217 982 4272 oswine
997 4216 1035 4286 (p.
1049 4215 1121 4284 710).

236 4305 259 4336 ⁶⁶
279 4306 385 4361 Unless
399 4304 517 4374 ‘aquae’
531 4304 566 4358 be
579 4303 664 4358 taken
677 4303 744 4358 here
758 4301 785 4355 in
798 4320 815 4356 a
828 4318 895 4369 very
907 4301 1020 4370 general
1039 4315 1129 4366 sense,
1148 4296 1169 4353 it
1187 4307 1262 4354 must
1280 4299 1316 4352 be
1333 4317 1354 4354 a

201 4389 320 4446 mistake
338 4389 381 4442 ior
399 4387 545 4458 ‘spiritua’
564 4385 655 4442 which
674 4386 758 4453 word,
779 4387 789 4439 l
811 4384 877 4454 find,
897 4383 920 4439 is
941 4382 1110 4440 substituted
1130 4381 1159 4437 in
1177 4383 1226 4437 the
1245 4382 1351 4438 Oxsord

203 4471 449 4542 Editionof1813.
