3344 5152
578 1184 1151 1282 DISTRIBUTIO

707 1390 1006 1475 OPERIS.

585 1791 675 1874 Ejus
687 1793 929 1855 constituuntur
943 1792 1065 1857 Partes
1078 1813 1141 1856 sex.

333 1923 459 1998 Prima3
482 1922 685 1986 Partitiones
701 1921 932 1986 Scientiarum.

334 2025 506 2104 Secunda3
530 2027 663 2090 Novum
681 2025 861 2108 Organum,
877 2028 946 2090 sive
960 2026 1091 2091 Iude'cia
1110 2026 1150 2090 de
1170 2027 1439 2107 interpretatione

548 2131 710 2194 Naturae.

332 2235 466 2311 Tertia3
495 2233 724 2298 Phaenomena
752 2233 914 2310 Universi,
936 2235 1004 2298 sive
1025 2233 1182 2298 Historia
1203 2232 1384 2297 Naturalis
1409 2242 1441 2295 et

548 2338 828 2422 Experimentalir
842 2339 889 2401 ad
900 2338 1097 2402 condendam
1112 2337 1368 2420 Philosophiam.

333 2441 479 2524 Quarta3
505 2441 605 2505 Scala
619 2441 814 2505 Intellectus.

333 2545 475 2629 Quinta3
491 2545 676 2624 Prodromi,
686 2547 754 2609 sive
763 2546 1021 2628 Anthipationes
1029 2544 1256 2629 Philosophiae
1267 2544 1439 2610 Secundae.

335 2649 461 2726 Sexta3
483 2649 694 2731 Philosophia
710 2649 869 2722 Secunda,
886 2652 953 2714 sive
970 2649 1118 2714 Scientia
1132 2651 1266 2713 Activa.

644 2820 863 2904 Singulorum
878 2822 1094 2904 Argumenta.

292 2951 387 3014 PARS
403 2962 515 3015 autem
532 2950 671 3016 instituti
688 2953 790 3015 nostri
802 2960 862 3028 est,
874 2961 910 3014 ut
926 2953 1045 3025 omnia,
1060 2961 1222 3033 quantum
1236 2951 1304 3015 fieri
1320 2962 1440 3034 potest,

291 3067 404 3138 aperte
419 3066 452 3118 et
468 3056 639 3138 perspicue
655 3066 890 3139 proponantur.
926 3057 1070 3120 Nuditas
1081 3056 1169 3119 enim
1185 3057 1296 3133 animi,
1309 3066 1346 3120 ut
1358 3056 1439 3119 olim

291 3161 446 3243 corporis,
463 3161 667 3225 innocentiae
682 3170 716 3223 et
731 3161 950 3243 simplicitatis
966 3180 1077 3224 comes
1094 3171 1152 3224 est.
1198 3160 1314 3224 Pateat
1331 3161 1441 3242 itaque

292 3265 399 3346 primo
426 3265 509 3328 ordo
537 3267 645 3346 operis
671 3274 771 3346 atque
797 3266 880 3328 ratio
907 3264 987 3345 ejus.
1034 3265 1148 3328 Partes
1173 3265 1282 3348 operis
1304 3287 1324 3328 a
1346 3265 1441 3328 nobis

291 3369 535 3432 constituuntur
549 3389 619 3432 sex.

337 3472 447 3535 Prima
471 3492 547 3553 pars
572 3473 709 3536 exhibet
734 3472 888 3537 scientiae
913 3471 983 3554 ejus
1007 3471 1075 3535 sive
1098 3472 1265 3537 doctrinae
1293 3473 1326 3536 in
1349 3471 1442 3554 cujus

292 3576 497 3658 possessione
512 3576 694 3640 humanum
715 3596 816 3658 genus
838 3576 995 3640 hactenus
1010 3585 1158 3639 versatur
1174 3574 1358 3655 Summam,
1374 3579 1442 3641 sive

293 3680 546 3763 descriptionem
573 3681 799 3744 universalem.
845 3679 962 3742 Visum
985 3681 1072 3743 enim
1096 3691 1145 3743 est
1168 3679 1263 3742 nobis
1286 3681 1385 3743 etiam
1409 3681 1441 3742 in

293 3784 332 3847 iis
354 3804 439 3865 quae
461 3793 593 3867 recepta
615 3795 691 3847 sunt
714 3782 905 3846 nonnullam
922 3784 1028 3847 lacere
1052 3804 1197 3847 moram:
1224 3804 1264 3846 eo
1288 3785 1441 3846 nimirum

293 3889 438 3961 consilio,
455 3898 490 3952 ut
507 3888 633 3952 facilius
649 3898 681 3951 et
698 3889 862 3951 veteribus
877 3889 1032 3970 perfectio
1049 3897 1082 3952 et
1098 3889 1191 3952 novis
1206 3888 1316 3952 aditus
1335 3888 1440 3950 detur.

295 3991 367 4053 Pari
391 3992 477 4054 enim
499 3990 567 4055 lere
590 3991 700 4054 studio
722 3990 856 4053 ferimur
878 4000 911 4054 et
934 3991 977 4053 ad
999 4000 1111 4054 vetera
1134 3989 1318 4055 excolenda
1341 4002 1376 4054 et
1399 3991 1442 4053 ad

295 4095 448 4158 ulteriora
465 4095 676 4176 assequenda
712 4093 858 4157 Pertinet
874 4094 974 4158 etiam
991 4093 1053 4158 hoc
1070 4095 1111 4158 ad
1126 4094 1312 4158 faciendam
1326 4094 1442 4157 fidem:

291 4199 389 4281 juxta
408 4197 497 4271 illud,
513 4197 589 4261 Non
609 4197 726 4280 monuit
746 4197 891 4260 indoctus
909 4198 1006 4261 uerba
1027 4199 1188 4275 scientiae,
1204 4199 1273 4262 nisi
1285 4199 1384 4280 prins
1405 4219 1443 4261 ea

294 4303 417 4366 dixeris
431 4323 512 4384 quae
527 4311 701 4365 versantur
714 4303 748 4366 in
763 4302 857 4365 corde
869 4302 944 4384 ejus.
985 4301 1102 4384 Itaque
1116 4303 1326 4365 scientiarum
1343 4313 1443 4383 atque

295 4408 414 4470 artium
433 4416 636 4487 receptarum
653 4425 729 4469 oras
751 4405 869 4488 legere,
886 4426 1011 4470 necnon
1033 4405 1126 4470 utilia
1141 4407 1305 4488 quaedam
1322 4407 1354 4468 in
1372 4407 1444 4470 illas

296 4511 481 4592 importare,
497 4519 656 4592 tanquam
673 4509 704 4572 in
720 4511 867 4588 transitu,
883 4530 949 4573 non
965 4510 1178 4594 negligemus
