<?xml version="1.0" encoding="UTF-8"?>
<!DOCTYPE html PUBLIC "-//W3C//DTD XHTML 1.0 Transitional//EN"
    "http://www.w3.org/TR/xhtml1/DTD/xhtml1-transitional.dtd">
<html xmlns="http://www.w3.org/1999/xhtml" xml:lang="en" lang="en">
 <head>
  <title>
</title>
<meta http-equiv="Content-Type" content="text/html;charset=utf-8" />
  <meta name='ocr-system' content='tesseract 3.04.00' />
  <meta name='ocr-capabilities' content='ocr_page ocr_carea ocr_par ocr_line ocrx_word'/>
</head>
<body>
  <div class='ocr_page' id='page_1' title='image "./baconsnovumorga00bacogoog/baconsnovumorga00bacogoog_0460.png"; bbox 0 0 3342 5152; ppageno 0'>
   <div class='ocr_carea' id='block_1_1' title="bbox 694 413 1371 500">
    <p class='ocr_par' dir='ltr' id='par_1_1' title="bbox 694 413 1371 500">
     <span class='ocr_line' id='line_1_1' title="bbox 694 413 1371 500; baseline 0.007 -27"><span class='ocrx_word' id='word_1_1' title='bbox 694 417 774 477; x_wconf 72' lang='grc' dir='ltr'>ΗΒ.</span> <span class='ocrx_word' id='word_1_2' title='bbox 796 419 838 476; x_wconf 88' lang='grc' dir='ltr'>ΙΙ.</span> <span class='ocrx_word' id='word_1_3' title='bbox 863 413 914 478; x_wconf 83' lang='lat'>26.</span> <span class='ocrx_word' id='word_1_4' title='bbox 1311 435 1371 500; x_wconf 84' lang='lat'>431</span> 
     </span>
    </p>
   </div>
   <div class='ocr_carea' id='block_1_2' title="bbox 224 583 1379 3370">
    <p class='ocr_par' dir='ltr' id='par_1_2' title="bbox 224 583 1379 3370">
     <span class='ocr_line' id='line_1_2' title="bbox 225 583 1375 669; baseline 0.001 -20"><span class='ocrx_word' id='word_1_5' title='bbox 225 595 383 669; x_wconf 85' lang='lat' dir='ltr'><strong>congruat</strong></span> <span class='ocrx_word' id='word_1_6' title='bbox 414 605 487 648; x_wconf 89' lang='lat' dir='ltr'>cum</span> <span class='ocrx_word' id='word_1_7' title='bbox 520 584 654 659; x_wconf 83' lang='lat' dir='ltr'>ordine3</span> <span class='ocrx_word' id='word_1_8' title='bbox 690 583 722 647; x_wconf 93' lang='lat' dir='ltr'>in</span> <span class='ocrx_word' id='word_1_9' title='bbox 750 584 903 656; x_wconf 91' lang='lat' dir='ltr'>secunda,</span> <span class='ocrx_word' id='word_1_10' title='bbox 931 585 1031 649; x_wconf 91' lang='lat' dir='ltr'>debet</span> <span class='ocrx_word' id='word_1_11' title='bbox 1056 605 1127 650; x_wconf 91' lang='lat' dir='ltr'>esse</span> <span class='ocrx_word' id='word_1_12' title='bbox 1153 586 1264 669; x_wconf 84' lang='lat' dir='ltr'>imago</span> <span class='ocrx_word' id='word_1_13' title='bbox 1290 608 1375 669; x_wconf 89' lang='lat' dir='ltr'>quae</span> 
     </span>
     <span class='ocr_line' id='line_1_3' title="bbox 225 687 1376 770; baseline 0.003 -19"><span class='ocrx_word' id='word_1_14' title='bbox 225 689 418 754; x_wconf 88' lang='lat' dir='ltr'>relationem</span> <span class='ocrx_word' id='word_1_15' title='bbox 447 687 593 770; x_wconf 85' lang='lat' dir='ltr'><strong>aliquam</strong></span> <span class='ocrx_word' id='word_1_16' title='bbox 625 687 745 752; x_wconf 90' lang='lat' dir='ltr'>habeat</span> <span class='ocrx_word' id='word_1_17' title='bbox 772 687 840 751; x_wconf 90' lang='lat' dir='ltr'>sive</span> <span class='ocrx_word' id='word_1_18' title='bbox 870 689 1130 753; x_wconf 87' lang='lat' dir='ltr'>convenientiam</span> <span class='ocrx_word' id='word_1_19' title='bbox 1154 691 1196 754; x_wconf 88' lang='lat' dir='ltr'>ad</span> <span class='ocrx_word' id='word_1_20' title='bbox 1220 691 1277 754; x_wconf 89' lang='lat' dir='ltr'>illa</span> <span class='ocrx_word' id='word_1_21' title='bbox 1304 690 1376 755; x_wconf 87' lang='lat' dir='ltr'>loca</span> 
     </span>
     <span class='ocr_line' id='line_1_4' title="bbox 225 793 1375 875; baseline 0 -19"><span class='ocrx_word' id='word_1_22' title='bbox 225 803 335 869; x_wconf 87' lang='lat' dir='ltr'>certa;</span> <span class='ocrx_word' id='word_1_23' title='bbox 371 794 403 856; x_wconf 92' lang='lat' dir='ltr'>in</span> <span class='ocrx_word' id='word_1_24' title='bbox 427 793 533 866; x_wconf 82' lang='lat' dir='ltr'>tertia,</span> <span class='ocrx_word' id='word_1_25' title='bbox 556 794 677 856; x_wconf 89' lang='lat' dir='ltr'>debent</span> <span class='ocrx_word' id='word_1_26' title='bbox 706 813 777 856; x_wconf 93' lang='lat' dir='ltr'>esse</span> <span class='ocrx_word' id='word_1_27' title='bbox 798 794 898 856; x_wconf 90' lang='lat' dir='ltr'>verba</span> <span class='ocrx_word' id='word_1_28' title='bbox 924 812 1009 875; x_wconf 92' lang='lat' dir='ltr'>quae</span> <span class='ocrx_word' id='word_1_29' title='bbox 1035 795 1154 857; x_wconf 88' lang='lat' dir='ltr'>cadant</span> <span class='ocrx_word' id='word_1_30' title='bbox 1177 794 1210 857; x_wconf 94' lang='lat' dir='ltr'>in</span> <span class='ocrx_word' id='word_1_31' title='bbox 1234 815 1375 859; x_wconf 92' lang='lat' dir='ltr'>versum.</span> 
     </span>
     <span class='ocr_line' id='line_1_5' title="bbox 225 896 1376 979; baseline 0.003 -19"><span class='ocrx_word' id='word_1_32' title='bbox 225 896 340 979; x_wconf 88' lang='lat' dir='ltr'>Atque</span> <span class='ocrx_word' id='word_1_33' title='bbox 374 897 419 962; x_wconf 91' lang='lat' dir='ltr'>ita</span> <span class='ocrx_word' id='word_1_34' title='bbox 452 897 653 962; x_wconf 85' lang='lat' dir='ltr'>abscinditur</span> <span class='ocrx_word' id='word_1_35' title='bbox 688 896 861 962; x_wconf 82' lang='lat' dir='ltr'>inlinitum.</span> <span class='ocrx_word' id='word_1_36' title='bbox 920 897 1018 961; x_wconf 92' lang='lat' dir='ltr'>Aliae</span> <span class='ocrx_word' id='word_1_37' title='bbox 1056 908 1169 962; x_wconf 92' lang='lat' dir='ltr'>autern</span> <span class='ocrx_word' id='word_1_38' title='bbox 1202 899 1376 963; x_wconf 87' lang='lat' dir='ltr'>instantiae</span> 
     </span>
     <span class='ocr_line' id='line_1_6' title="bbox 225 999 1376 1083; baseline 0 -20"><span class='ocrx_word' id='word_1_39' title='bbox 225 1000 351 1063; x_wconf 88' lang='lat' dir='ltr'>dabunt</span> <span class='ocrx_word' id='word_1_40' title='bbox 381 999 467 1065; x_wconf 90' lang='lat' dir='ltr'>hanc</span> <span class='ocrx_word' id='word_1_41' title='bbox 497 1000 635 1064; x_wconf 90' lang='lat' dir='ltr'>alteram</span> <span class='ocrx_word' id='word_1_42' title='bbox 662 999 825 1082; x_wconf 89' lang='lat' dir='ltr'>speciem;</span> <span class='ocrx_word' id='word_1_43' title='bbox 857 1009 893 1063; x_wconf 93' lang='lat' dir='ltr'>ut</span> <span class='ocrx_word' id='word_1_44' title='bbox 918 1001 1076 1083; x_wconf 92' lang='lat' dir='ltr'>quicquid</span> <span class='ocrx_word' id='word_1_45' title='bbox 1108 1003 1251 1066; x_wconf 89' lang='lat' dir='ltr'>deducat</span> <span class='ocrx_word' id='word_1_46' title='bbox 1282 1001 1376 1066; x_wconf 89' lang='lat' dir='ltr'>intel-</span> 
     </span>
     <span class='ocr_line' id='line_1_7' title="bbox 226 1100 1376 1189; baseline 0.002 -23"><span class='ocrx_word' id='word_1_47' title='bbox 226 1103 363 1169; x_wconf 88' lang='lat' dir='ltr'>lectuale</span> <span class='ocrx_word' id='word_1_48' title='bbox 385 1105 428 1168; x_wconf 90' lang='lat' dir='ltr'>ad</span> <span class='ocrx_word' id='word_1_49' title='bbox 450 1105 632 1168; x_wconf 78' lang='lat' dir='ltr'>feriendum</span> <span class='ocrx_word' id='word_1_50' title='bbox 655 1123 786 1167; x_wconf 89' lang='lat' dir='ltr'>sensum</span> <span class='ocrx_word' id='word_1_51' title='bbox 796 1101 824 1142; x_wconf 76' lang='lat'>⁷³</span> <span class='ocrx_word' id='word_1_52' title='bbox 847 1100 946 1188; x_wconf 84' lang='lat' dir='ltr'>(quac</span> <span class='ocrx_word' id='word_1_53' title='bbox 970 1106 1055 1168; x_wconf 91' lang='lat' dir='ltr'>ratio</span> <span class='ocrx_word' id='word_1_54' title='bbox 1076 1106 1177 1169; x_wconf 90' lang='lat' dir='ltr'>etiam</span> <span class='ocrx_word' id='word_1_55' title='bbox 1198 1107 1376 1189; x_wconf 88' lang='lat' dir='ltr'>praecipue</span> 
     </span>
     <span class='ocr_line' id='line_1_8' title="bbox 224 1204 1376 1291; baseline 0.002 -21"><span class='ocrx_word' id='word_1_56' title='bbox 224 1209 313 1288; x_wconf 86' lang='lat' dir='ltr'>viget</span> <span class='ocrx_word' id='word_1_57' title='bbox 330 1207 362 1271; x_wconf 92' lang='lat' dir='ltr'>in</span> <span class='ocrx_word' id='word_1_58' title='bbox 378 1206 537 1272; x_wconf 87' lang='lat' dir='ltr'>artificiali</span> <span class='ocrx_word' id='word_1_59' title='bbox 555 1204 727 1291; x_wconf 88' lang='lat' dir='ltr'>memoria)</span> <span class='ocrx_word' id='word_1_60' title='bbox 734 1205 827 1288; x_wconf 86' lang='lat' dir='ltr'>juvet</span> <span class='ocrx_word' id='word_1_61' title='bbox 847 1207 1050 1272; x_wconf 88' lang='lat' dir='ltr'>memoriam.</span> <span class='ocrx_word' id='word_1_62' title='bbox 1087 1209 1187 1272; x_wconf 86' lang='lat' dir='ltr'>Aliae</span> <span class='ocrx_word' id='word_1_63' title='bbox 1204 1209 1376 1273; x_wconf 89' lang='lat' dir='ltr'>instantiae</span> 
     </span>
     <span class='ocr_line' id='line_1_9' title="bbox 225 1310 1375 1394; baseline 0.002 -20"><span class='ocrx_word' id='word_1_64' title='bbox 225 1312 351 1375; x_wconf 90' lang='lat' dir='ltr'>dabunt</span> <span class='ocrx_word' id='word_1_65' title='bbox 373 1310 457 1376; x_wconf 89' lang='lat' dir='ltr'>hanc</span> <span class='ocrx_word' id='word_1_66' title='bbox 473 1312 610 1375; x_wconf 89' lang='lat' dir='ltr'>alteram</span> <span class='ocrx_word' id='word_1_67' title='bbox 631 1311 797 1394; x_wconf 91' lang='lat' dir='ltr'>speciem;</span> <span class='ocrx_word' id='word_1_68' title='bbox 821 1320 859 1374; x_wconf 90' lang='lat' dir='ltr'>ut</span> <span class='ocrx_word' id='word_1_69' title='bbox 875 1331 960 1393; x_wconf 91' lang='lat' dir='ltr'>quae</span> <span class='ocrx_word' id='word_1_70' title='bbox 983 1311 1105 1376; x_wconf 87' lang='lat' dir='ltr'>faciunt</span> <span class='ocrx_word' id='word_1_71' title='bbox 1129 1313 1375 1394; x_wconf 86' lang='lat' dir='ltr'>impressionem</span> 
     </span>
     <span class='ocr_line' id='line_1_10' title="bbox 226 1414 1377 1495; baseline 0.001 -16"><span class='ocrx_word' id='word_1_72' title='bbox 226 1416 259 1479; x_wconf 88' lang='lat' dir='ltr'>in</span> <span class='ocrx_word' id='word_1_73' title='bbox 296 1415 415 1479; x_wconf 86' lang='lat' dir='ltr'>affectu</span> <span class='ocrx_word' id='word_1_74' title='bbox 446 1414 533 1491; x_wconf 88' lang='lat' dir='ltr'>sorti,</span> <span class='ocrx_word' id='word_1_75' title='bbox 562 1415 752 1479; x_wconf 89' lang='lat' dir='ltr'>incutientia</span> <span class='ocrx_word' id='word_1_76' title='bbox 786 1415 910 1479; x_wconf 86' lang='lat' dir='ltr'>scilicet</span> <span class='ocrx_word' id='word_1_77' title='bbox 944 1426 1079 1492; x_wconf 88' lang='lat' dir='ltr'>metum,</span> <span class='ocrx_word' id='word_1_78' title='bbox 1116 1417 1377 1495; x_wconf 88' lang='lat' dir='ltr'>admirationem,</span> 
     </span>
     <span class='ocr_line' id='line_1_11' title="bbox 225 1517 1376 1603; baseline 0.002 -21"><span class='ocrx_word' id='word_1_79' title='bbox 225 1520 395 1603; x_wconf 90' lang='lat' dir='ltr'>pudorem,</span> <span class='ocrx_word' id='word_1_80' title='bbox 418 1519 680 1595; x_wconf 90' lang='lat' dir='ltr'>delectationem,</span> <span class='ocrx_word' id='word_1_81' title='bbox 692 1517 808 1599; x_wconf 90' lang='lat' dir='ltr'>juvent</span> <span class='ocrx_word' id='word_1_82' title='bbox 832 1520 1034 1584; x_wconf 88' lang='lat' dir='ltr'>memoriam.</span> <span class='ocrx_word' id='word_1_83' title='bbox 1079 1520 1178 1584; x_wconf 89' lang='lat' dir='ltr'>Aliae</span> <span class='ocrx_word' id='word_1_84' title='bbox 1202 1520 1376 1585; x_wconf 89' lang='lat' dir='ltr'>instantiae</span> 
     </span>
     <span class='ocr_line' id='line_1_12' title="bbox 227 1622 1378 1707; baseline 0 -19"><span class='ocrx_word' id='word_1_85' title='bbox 227 1622 353 1688; x_wconf 91' lang='lat' dir='ltr'>dabunt</span> <span class='ocrx_word' id='word_1_86' title='bbox 368 1624 452 1688; x_wconf 93' lang='lat' dir='ltr'>hanc</span> <span class='ocrx_word' id='word_1_87' title='bbox 467 1623 605 1687; x_wconf 90' lang='lat' dir='ltr'>alteram</span> <span class='ocrx_word' id='word_1_88' title='bbox 626 1623 790 1706; x_wconf 89' lang='lat' dir='ltr'>speciem;</span> <span class='ocrx_word' id='word_1_89' title='bbox 814 1633 850 1686; x_wconf 92' lang='lat' dir='ltr'>ut</span> <span class='ocrx_word' id='word_1_90' title='bbox 871 1643 958 1706; x_wconf 90' lang='lat' dir='ltr'>quae</span> <span class='ocrx_word' id='word_1_91' title='bbox 979 1624 1126 1687; x_wconf 90' lang='lat' dir='ltr'>maxime</span> <span class='ocrx_word' id='word_1_92' title='bbox 1146 1625 1378 1707; x_wconf 87' lang='lat' dir='ltr'>imprimuntur</span> 
     </span>
     <span class='ocr_line' id='line_1_13' title="bbox 226 1727 1377 1812; baseline 0 -20"><span class='ocrx_word' id='word_1_93' title='bbox 226 1749 247 1792; x_wconf 90' lang='lat' dir='ltr'>a</span> <span class='ocrx_word' id='word_1_94' title='bbox 269 1737 379 1791; x_wconf 90' lang='lat' dir='ltr'>mente</span> <span class='ocrx_word' id='word_1_95' title='bbox 405 1749 488 1810; x_wconf 92' lang='lat' dir='ltr'>pura</span> <span class='ocrx_word' id='word_1_96' title='bbox 518 1737 553 1792; x_wconf 92' lang='lat' dir='ltr'>et</span> <span class='ocrx_word' id='word_1_97' title='bbox 583 1728 691 1791; x_wconf 90' lang='lat' dir='ltr'>minus</span> <span class='ocrx_word' id='word_1_98' title='bbox 722 1737 961 1810; x_wconf 88' lang='lat' dir='ltr'>praeoccupata</span> <span class='ocrx_word' id='word_1_99' title='bbox 986 1737 1064 1792; x_wconf 90' lang='lat' dir='ltr'>ante</span> <span class='ocrx_word' id='word_1_100' title='bbox 1089 1727 1140 1791; x_wconf 92' lang='lat' dir='ltr'>vel</span> <span class='ocrx_word' id='word_1_101' title='bbox 1168 1738 1253 1812; x_wconf 87' lang='lat' dir='ltr'>post,</span> <span class='ocrx_word' id='word_1_102' title='bbox 1276 1729 1377 1792; x_wconf 87' lang='lat' dir='ltr'>veluti</span> 
     </span>
     <span class='ocr_line' id='line_1_14' title="bbox 227 1831 1377 1914; baseline 0 -20"><span class='ocrx_word' id='word_1_103' title='bbox 227 1851 310 1914; x_wconf 91' lang='lat' dir='ltr'>quae</span> <span class='ocrx_word' id='word_1_104' title='bbox 343 1832 513 1896; x_wconf 91' lang='lat' dir='ltr'>discuntur</span> <span class='ocrx_word' id='word_1_105' title='bbox 550 1831 582 1895; x_wconf 95' lang='lat' dir='ltr'>in</span> <span class='ocrx_word' id='word_1_106' title='bbox 620 1831 761 1914; x_wconf 87' lang='lat' dir='ltr'>pueritia</span> <span class='ocrx_word' id='word_1_107' title='bbox 797 1841 854 1896; x_wconf 92' lang='lat' dir='ltr'>aut</span> <span class='ocrx_word' id='word_1_108' title='bbox 891 1851 976 1913; x_wconf 87' lang='lat' dir='ltr'>quae</span> <span class='ocrx_word' id='word_1_109' title='bbox 1009 1842 1270 1896; x_wconf 85' lang='lat' dir='ltr'>commentamur</span> <span class='ocrx_word' id='word_1_110' title='bbox 1301 1842 1377 1896; x_wconf 92' lang='lat' dir='ltr'>ante</span> 
     </span>
     <span class='ocr_line' id='line_1_15' title="bbox 226 1933 1377 2019; baseline 0.002 -21"><span class='ocrx_word' id='word_1_111' title='bbox 226 1955 378 2000; x_wconf 91' lang='lat' dir='ltr'>somnum</span> <span class='ocrx_word' id='word_1_112' title='bbox 389 1933 424 2014; x_wconf 76' lang='lat'>⁷⁴,</span> <span class='ocrx_word' id='word_1_113' title='bbox 440 1937 539 2000; x_wconf 90' lang='lat' dir='ltr'>etiam</span> <span class='ocrx_word' id='word_1_114' title='bbox 555 1936 680 2016; x_wconf 90' lang='lat' dir='ltr'>primae</span> <span class='ocrx_word' id='word_1_115' title='bbox 694 1956 846 2018; x_wconf 90' lang='lat' dir='ltr'>quaeque</span> <span class='ocrx_word' id='word_1_116' title='bbox 862 1956 970 1999; x_wconf 92' lang='lat' dir='ltr'>rerum</span> <span class='ocrx_word' id='word_1_117' title='bbox 985 1936 1081 2014; x_wconf 90' lang='lat' dir='ltr'>vices,</span> <span class='ocrx_word' id='word_1_118' title='bbox 1101 1936 1206 2019; x_wconf 87' lang='lat' dir='ltr'>magis</span> <span class='ocrx_word' id='word_1_119' title='bbox 1221 1935 1377 2000; x_wconf 88' lang='lat' dir='ltr'>haereant</span> 
     </span>
     <span class='ocr_line' id='line_1_16' title="bbox 227 2038 1377 2122; baseline 0 -20"><span class='ocrx_word' id='word_1_120' title='bbox 227 2039 259 2102; x_wconf 92' lang='lat' dir='ltr'>in</span> <span class='ocrx_word' id='word_1_121' title='bbox 275 2040 443 2104; x_wconf 88' lang='lat' dir='ltr'>memoria.</span> <span class='ocrx_word' id='word_1_122' title='bbox 487 2039 586 2103; x_wconf 87' lang='lat' dir='ltr'>Aliae</span> <span class='ocrx_word' id='word_1_123' title='bbox 609 2039 784 2104; x_wconf 89' lang='lat' dir='ltr'>instantiae</span> <span class='ocrx_word' id='word_1_124' title='bbox 802 2039 929 2103; x_wconf 90' lang='lat' dir='ltr'>dabunt</span> <span class='ocrx_word' id='word_1_125' title='bbox 950 2040 1034 2104; x_wconf 90' lang='lat' dir='ltr'>hanc</span> <span class='ocrx_word' id='word_1_126' title='bbox 1055 2038 1193 2104; x_wconf 86' lang='lat' dir='ltr'>alteram</span> <span class='ocrx_word' id='word_1_127' title='bbox 1215 2041 1377 2122; x_wconf 89' lang='lat' dir='ltr'>speciem;</span> 
     </span>
     <span class='ocr_line' id='line_1_17' title="bbox 227 2142 1377 2225; baseline 0.001 -19"><span class='ocrx_word' id='word_1_128' title='bbox 227 2153 265 2208; x_wconf 91' lang='lat' dir='ltr'>ut</span> <span class='ocrx_word' id='word_1_129' title='bbox 281 2143 459 2208; x_wconf 92' lang='lat' dir='ltr'>multitudo</span> <span class='ocrx_word' id='word_1_130' title='bbox 476 2144 795 2208; x_wconf 90' lang='lat' dir='ltr'>circumstantiarum</span> <span class='ocrx_word' id='word_1_131' title='bbox 813 2142 882 2208; x_wconf 86' lang='lat' dir='ltr'>sive</span> <span class='ocrx_word' id='word_1_132' title='bbox 900 2163 1053 2207; x_wconf 91' lang='lat' dir='ltr'>ansarum</span> <span class='ocrx_word' id='word_1_133' title='bbox 1065 2143 1158 2225; x_wconf 90' lang='lat' dir='ltr'>juvet</span> <span class='ocrx_word' id='word_1_134' title='bbox 1175 2144 1377 2220; x_wconf 90' lang='lat' dir='ltr'>memoriam,</span> 
     </span>
     <span class='ocr_line' id='line_1_18' title="bbox 226 2247 1377 2344; baseline 0.003 -35"><span class='ocrx_word' id='word_1_135' title='bbox 226 2247 329 2344; x_wconf 76' lang='lat' dir='ltr'>veluti</span> <span class='ocrx_word' id='word_1_136' title='bbox 344 2248 480 2331; x_wconf 89' lang='lat' dir='ltr'>scriptio</span> <span class='ocrx_word' id='word_1_137' title='bbox 501 2269 560 2331; x_wconf 91' lang='lat' dir='ltr'>per</span> <span class='ocrx_word' id='word_1_138' title='bbox 575 2258 686 2332; x_wconf 90' lang='lat' dir='ltr'>partes</span> <span class='ocrx_word' id='word_1_139' title='bbox 705 2268 771 2311; x_wconf 94' lang='lat' dir='ltr'>non</span> <span class='ocrx_word' id='word_1_140' title='bbox 791 2247 1006 2326; x_wconf 91' lang='lat' dir='ltr'>continuatas,</span> <span class='ocrx_word' id='word_1_141' title='bbox 1022 2247 1128 2324; x_wconf 87' lang='lat' dir='ltr'>lectio,</span> <span class='ocrx_word' id='word_1_142' title='bbox 1143 2248 1212 2312; x_wconf 88' lang='lat' dir='ltr'>sive</span> <span class='ocrx_word' id='word_1_143' title='bbox 1227 2248 1377 2312; x_wconf 88' lang='lat' dir='ltr'>recitatio</span> 
     </span>
     <span class='ocr_line' id='line_1_19' title="bbox 225 2351 1376 2434; baseline 0.001 -20"><span class='ocrx_word' id='word_1_144' title='bbox 225 2371 307 2417; x_wconf 88' lang='lat' dir='ltr'>voce</span> <span class='ocrx_word' id='word_1_145' title='bbox 328 2351 403 2416; x_wconf 83' lang='lat' dir='ltr'>alta</span> <span class='ocrx_word' id='word_1_146' title='bbox 463 2351 562 2415; x_wconf 89' lang='lat' dir='ltr'>Aliae</span> <span class='ocrx_word' id='word_1_147' title='bbox 589 2352 731 2434; x_wconf 90' lang='lat' dir='ltr'>denique</span> <span class='ocrx_word' id='word_1_148' title='bbox 758 2351 934 2415; x_wconf 88' lang='lat' dir='ltr'>instantiae</span> <span class='ocrx_word' id='word_1_149' title='bbox 963 2351 1091 2416; x_wconf 88' lang='lat' dir='ltr'>dabunt</span> <span class='ocrx_word' id='word_1_150' title='bbox 1121 2351 1207 2416; x_wconf 89' lang='lat' dir='ltr'>hanc</span> <span class='ocrx_word' id='word_1_151' title='bbox 1238 2352 1376 2416; x_wconf 89' lang='lat' dir='ltr'>alteram</span> 
     </span>
     <span class='ocr_line' id='line_1_20' title="bbox 227 2454 1377 2540; baseline 0.002 -22"><span class='ocrx_word' id='word_1_152' title='bbox 227 2456 392 2538; x_wconf 90' lang='lat' dir='ltr'>speciem;</span> <span class='ocrx_word' id='word_1_153' title='bbox 415 2466 451 2519; x_wconf 98' lang='lat' dir='ltr'>ut</span> <span class='ocrx_word' id='word_1_154' title='bbox 466 2477 551 2538; x_wconf 89' lang='lat' dir='ltr'>quae</span> <span class='ocrx_word' id='word_1_155' title='bbox 567 2464 786 2540; x_wconf 86' lang='lat' dir='ltr'>expectantur</span> <span class='ocrx_word' id='word_1_156' title='bbox 808 2463 841 2519; x_wconf 91' lang='lat' dir='ltr'>et</span> <span class='ocrx_word' id='word_1_157' title='bbox 864 2456 1080 2520; x_wconf 88' lang='lat' dir='ltr'>attentionem</span> <span class='ocrx_word' id='word_1_158' title='bbox 1097 2457 1244 2520; x_wconf 87' lang='lat' dir='ltr'>excitant</span> <span class='ocrx_word' id='word_1_159' title='bbox 1261 2454 1377 2520; x_wconf 90' lang='lat' dir='ltr'>melius</span> 
     </span>
     <span class='ocr_line' id='line_1_21' title="bbox 227 2556 1377 2643; baseline 0.001 -20"><span class='ocrx_word' id='word_1_160' title='bbox 227 2560 392 2637; x_wconf 87' lang='lat' dir='ltr'>haereant,</span> <span class='ocrx_word' id='word_1_161' title='bbox 429 2581 529 2642; x_wconf 91' lang='lat' dir='ltr'>quam</span> <span class='ocrx_word' id='word_1_162' title='bbox 565 2578 652 2642; x_wconf 88' lang='lat' dir='ltr'>quae</span> <span class='ocrx_word' id='word_1_163' title='bbox 684 2556 936 2643; x_wconf 89' lang='lat' dir='ltr'>praetervolant.</span> <span class='ocrx_word' id='word_1_164' title='bbox 999 2559 1116 2642; x_wconf 91' lang='lat' dir='ltr'>Itaque</span> <span class='ocrx_word' id='word_1_165' title='bbox 1154 2561 1181 2623; x_wconf 92' lang='lat' dir='ltr'>si</span> <span class='ocrx_word' id='word_1_166' title='bbox 1218 2561 1377 2642; x_wconf 92' lang='lat' dir='ltr'>scriptum</span> 
     </span>
     <span class='ocr_line' id='line_1_22' title="bbox 227 2661 1377 2747; baseline 0.001 -21"><span class='ocrx_word' id='word_1_167' title='bbox 227 2663 361 2747; x_wconf 92' lang='lat' dir='ltr'>aliquod</span> <span class='ocrx_word' id='word_1_168' title='bbox 376 2663 475 2728; x_wconf 90' lang='lat' dir='ltr'>vicies</span> <span class='ocrx_word' id='word_1_169' title='bbox 490 2662 676 2747; x_wconf 88' lang='lat' dir='ltr'>perlegeris,</span> <span class='ocrx_word' id='word_1_170' title='bbox 692 2683 759 2726; x_wconf 92' lang='lat' dir='ltr'>non</span> <span class='ocrx_word' id='word_1_171' title='bbox 775 2673 845 2727; x_wconf 90' lang='lat' dir='ltr'>tam</span> <span class='ocrx_word' id='word_1_172' title='bbox 860 2663 953 2727; x_wconf 82' lang='lat' dir='ltr'>facile</span> <span class='ocrx_word' id='word_1_173' title='bbox 971 2661 1051 2726; x_wconf 93' lang='lat' dir='ltr'>illud</span> <span class='ocrx_word' id='word_1_174' title='bbox 1068 2663 1256 2728; x_wconf 89' lang='lat' dir='ltr'>memoriter</span> <span class='ocrx_word' id='word_1_175' title='bbox 1271 2664 1377 2729; x_wconf 91' lang='lat' dir='ltr'>disces</span> 
     </span>
     <span class='ocr_line' id='line_1_23' title="bbox 228 2767 1378 2852; baseline 0 -22"><span class='ocrx_word' id='word_1_176' title='bbox 228 2787 328 2849; x_wconf 89' lang='lat' dir='ltr'>quam</span> <span class='ocrx_word' id='word_1_177' title='bbox 347 2769 375 2830; x_wconf 93' lang='lat' dir='ltr'>si</span> <span class='ocrx_word' id='word_1_178' title='bbox 397 2767 478 2832; x_wconf 92' lang='lat' dir='ltr'>illud</span> <span class='ocrx_word' id='word_1_179' title='bbox 502 2768 593 2852; x_wconf 87' lang='lat' dir='ltr'>legas</span> <span class='ocrx_word' id='word_1_180' title='bbox 615 2769 735 2843; x_wconf 86' lang='lat' dir='ltr'>decies,</span> <span class='ocrx_word' id='word_1_181' title='bbox 749 2769 910 2831; x_wconf 91' lang='lat' dir='ltr'>tentando</span> <span class='ocrx_word' id='word_1_182' title='bbox 927 2767 1057 2830; x_wconf 88' lang='lat' dir='ltr'>interim</span> <span class='ocrx_word' id='word_1_183' title='bbox 1076 2768 1157 2832; x_wconf 93' lang='lat' dir='ltr'>illud</span> <span class='ocrx_word' id='word_1_184' title='bbox 1178 2768 1322 2842; x_wconf 90' lang='lat' dir='ltr'>recitare,</span> <span class='ocrx_word' id='word_1_185' title='bbox 1335 2779 1378 2846; x_wconf 90' lang='lat' dir='ltr'>et,</span> 
     </span>
     <span class='ocr_line' id='line_1_24' title="bbox 228 2870 1377 2954; baseline 0.002 -20"><span class='ocrx_word' id='word_1_186' title='bbox 228 2871 284 2934; x_wconf 92' lang='lat' dir='ltr'>ubi</span> <span class='ocrx_word' id='word_1_187' title='bbox 307 2870 417 2936; x_wconf 89' lang='lat' dir='ltr'>deficit</span> <span class='ocrx_word' id='word_1_188' title='bbox 440 2873 608 2949; x_wconf 89' lang='lat' dir='ltr'>memoria,</span> <span class='ocrx_word' id='word_1_189' title='bbox 635 2871 839 2954; x_wconf 90' lang='lat' dir='ltr'>inspiciendo</span> <span class='ocrx_word' id='word_1_190' title='bbox 867 2871 995 2934; x_wconf 91' lang='lat' dir='ltr'>librum.</span> <span class='ocrx_word' id='word_1_191' title='bbox 1056 2873 1108 2935; x_wconf 95' lang='lat' dir='ltr'>lta</span> <span class='ocrx_word' id='word_1_192' title='bbox 1131 2881 1167 2935; x_wconf 93' lang='lat' dir='ltr'>ut</span> <span class='ocrx_word' id='word_1_193' title='bbox 1190 2872 1255 2936; x_wconf 90' lang='lat' dir='ltr'>sint</span> <span class='ocrx_word' id='word_1_194' title='bbox 1276 2873 1377 2936; x_wconf 93' lang='lat' dir='ltr'>veluti</span> 
     </span>
     <span class='ocr_line' id='line_1_25' title="bbox 228 2973 1379 3058; baseline 0.001 -19"><span class='ocrx_word' id='word_1_195' title='bbox 228 2995 288 3039; x_wconf 84' lang='lat' dir='ltr'>sex</span> <span class='ocrx_word' id='word_1_196' title='bbox 314 2975 453 3038; x_wconf 90' lang='lat' dir='ltr'>Formae</span> <span class='ocrx_word' id='word_1_197' title='bbox 479 2975 624 3039; x_wconf 90' lang='lat' dir='ltr'>Minores</span> <span class='ocrx_word' id='word_1_198' title='bbox 650 2996 764 3039; x_wconf 87' lang='lat' dir='ltr'>eorum</span> <span class='ocrx_word' id='word_1_199' title='bbox 788 2995 874 3058; x_wconf 92' lang='lat' dir='ltr'>quae</span> <span class='ocrx_word' id='word_1_200' title='bbox 898 2973 1013 3056; x_wconf 89' lang='lat' dir='ltr'>juvant</span> <span class='ocrx_word' id='word_1_201' title='bbox 1041 2975 1256 3040; x_wconf 89' lang='lat' dir='ltr'>Memoriam:</span> <span class='ocrx_word' id='word_1_202' title='bbox 1287 2977 1379 3040; x_wconf 86' lang='lat' dir='ltr'>vide·</span> 
     </span>
     <span class='ocr_line' id='line_1_26' title="bbox 229 3077 1378 3158; baseline 0.002 -16"><span class='ocrx_word' id='word_1_203' title='bbox 229 3079 306 3144; x_wconf 90' lang='lat' dir='ltr'>licet</span> <span class='ocrx_word' id='word_1_204' title='bbox 333 3079 491 3144; x_wconf 88' lang='lat' dir='ltr'>abscissio</span> <span class='ocrx_word' id='word_1_205' title='bbox 517 3077 656 3157; x_wconf 85' lang='lat' dir='ltr'>infiniti;</span> <span class='ocrx_word' id='word_1_206' title='bbox 691 3079 846 3144; x_wconf 91' lang='lat' dir='ltr'>deductio</span> <span class='ocrx_word' id='word_1_207' title='bbox 874 3077 1102 3144; x_wconf 89' lang='lat' dir='ltr'>intellectualis</span> <span class='ocrx_word' id='word_1_208' title='bbox 1132 3081 1175 3144; x_wconf 89' lang='lat' dir='ltr'>ad</span> <span class='ocrx_word' id='word_1_209' title='bbox 1202 3079 1378 3158; x_wconf 90' lang='lat' dir='ltr'>sensibilc;</span> 
     </span>
     <span class='ocr_line' id='line_1_27' title="bbox 229 3182 1378 3267; baseline 0.002 -21"><span class='ocrx_word' id='word_1_210' title='bbox 229 3183 400 3265; x_wconf 86' lang='lat' dir='ltr'>impressio</span> <span class='ocrx_word' id='word_1_211' title='bbox 415 3183 447 3245; x_wconf 93' lang='lat' dir='ltr'>in</span> <span class='ocrx_word' id='word_1_212' title='bbox 463 3182 583 3247; x_wconf 84' lang='lat' dir='ltr'>affectu</span> <span class='ocrx_word' id='word_1_213' title='bbox 599 3182 696 3262; x_wconf 82' lang='lat' dir='ltr'>sorti3</span> <span class='ocrx_word' id='word_1_214' title='bbox 721 3183 892 3267; x_wconf 91' lang='lat' dir='ltr'>impressio</span> <span class='ocrx_word' id='word_1_215' title='bbox 904 3184 935 3247; x_wconf 94' lang='lat' dir='ltr'>in</span> <span class='ocrx_word' id='word_1_216' title='bbox 953 3193 1062 3246; x_wconf 90' lang='lat' dir='ltr'>mente</span> <span class='ocrx_word' id='word_1_217' title='bbox 1077 3203 1178 3267; x_wconf 83' lang='lat' dir='ltr'>pura3</span> <span class='ocrx_word' id='word_1_218' title='bbox 1199 3184 1378 3248; x_wconf 90' lang='lat' dir='ltr'>multitudo</span> 
     </span>
     <span class='ocr_line' id='line_1_28' title="bbox 229 3289 704 3370; baseline -0.004 -18"><span class='ocrx_word' id='word_1_219' title='bbox 229 3306 402 3362; x_wconf 86' lang='lat' dir='ltr'>ansarum3</span> <span class='ocrx_word' id='word_1_220' title='bbox 426 3289 704 3370; x_wconf 89' lang='lat' dir='ltr'>praeexpectatio.</span> 
     </span>
    </p>
   </div>
   <div class='ocr_carea' id='block_1_3' title="bbox 229 3515 1384 4588">
    <p class='ocr_par' dir='ltr' id='par_1_3' title="bbox 229 3515 1378 3740">
     <span class='ocr_line' id='line_1_29' title="bbox 262 3515 1378 3588; baseline 0 -16"><span class='ocrx_word' id='word_1_221' title='bbox 262 3515 286 3548; x_wconf 53' lang='lat'>*³</span> <span class='ocrx_word' id='word_1_222' title='bbox 304 3519 339 3572; x_wconf 92' lang='lat' dir='ltr'>In</span> <span class='ocrx_word' id='word_1_223' title='bbox 364 3516 412 3572; x_wconf 87' lang='lat' dir='ltr'>tbe</span> <span class='ocrx_word' id='word_1_224' title='bbox 437 3517 483 3585; x_wconf 82' lang='lat' dir='ltr'>De</span> <span class='ocrx_word' id='word_1_225' title='bbox 503 3517 679 3587; x_wconf 86' lang='lat' dir='ltr'>Augmentis‚</span> <span class='ocrx_word' id='word_1_226' title='bbox 700 3518 757 3572; x_wconf 85' lang='lat' dir='ltr'>this</span> <span class='ocrx_word' id='word_1_227' title='bbox 782 3517 890 3588; x_wconf 87' lang='lat' dir='ltr'>species</span> <span class='ocrx_word' id='word_1_228' title='bbox 915 3517 939 3571; x_wconf 91' lang='lat' dir='ltr'>is</span> <span class='ocrx_word' id='word_1_229' title='bbox 964 3518 1054 3572; x_wconf 87' lang='lat' dir='ltr'>called</span> <span class='ocrx_word' id='word_1_230' title='bbox 1079 3518 1261 3585; x_wconf 69' lang='lat' dir='ltr'>‘Emblema&#39;</span> <span class='ocrx_word' id='word_1_231' title='bbox 1278 3519 1335 3574; x_wconf 89' lang='lat' dir='ltr'>and</span> <span class='ocrx_word' id='word_1_232' title='bbox 1354 3519 1378 3572; x_wconf 89' lang='lat' dir='ltr'>is</span> 
     </span>
     <span class='ocr_line' id='line_1_30' title="bbox 229 3600 1377 3671; baseline 0.001 -15"><span class='ocrx_word' id='word_1_233' title='bbox 229 3600 375 3656; x_wconf 88' lang='lat' dir='ltr'>described</span> <span class='ocrx_word' id='word_1_234' title='bbox 387 3611 417 3656; x_wconf 89' lang='lat' dir='ltr'>at</span> <span class='ocrx_word' id='word_1_235' title='bbox 429 3611 539 3669; x_wconf 84' lang='lat' dir='ltr'>greater</span> <span class='ocrx_word' id='word_1_236' title='bbox 550 3601 646 3671; x_wconf 84' lang='lat' dir='ltr'>length</span> <span class='ocrx_word' id='word_1_237' title='bbox 658 3601 727 3656; x_wconf 89' lang='lat' dir='ltr'>than</span> <span class='ocrx_word' id='word_1_238' title='bbox 740 3602 816 3668; x_wconf 88' lang='lat' dir='ltr'>here,</span> <span class='ocrx_word' id='word_1_239' title='bbox 829 3617 861 3655; x_wconf 87' lang='lat' dir='ltr'>as</span> <span class='ocrx_word' id='word_1_240' title='bbox 874 3600 935 3655; x_wconf 90' lang='lat' dir='ltr'>well</span> <span class='ocrx_word' id='word_1_241' title='bbox 947 3618 980 3656; x_wconf 89' lang='lat' dir='ltr'>as</span> <span class='ocrx_word' id='word_1_242' title='bbox 997 3601 1158 3656; x_wconf 87' lang='lat' dir='ltr'>illustrated.</span> <span class='ocrx_word' id='word_1_243' title='bbox 1195 3602 1248 3657; x_wconf 89' lang='lat' dir='ltr'>See</span> <span class='ocrx_word' id='word_1_244' title='bbox 1261 3603 1309 3657; x_wconf 92' lang='lat' dir='ltr'>tbe</span> <span class='ocrx_word' id='word_1_245' title='bbox 1322 3603 1377 3657; x_wconf 89' lang='lat' dir='ltr'>end</span> 
     </span>
     <span class='ocr_line' id='line_1_31' title="bbox 229 3685 355 3740; baseline 0.008 -1"><span class='ocrx_word' id='word_1_246' title='bbox 229 3685 261 3739; x_wconf 86' lang='lat' dir='ltr'>ot&#39;</span> <span class='ocrx_word' id='word_1_247' title='bbox 268 3685 315 3740; x_wconf 89' lang='lat' dir='ltr'>bk.</span> <span class='ocrx_word' id='word_1_248' title='bbox 329 3703 355 3740; x_wconf 88' lang='lat' dir='ltr'>v.</span> 
     </span>
    </p>

    <p class='ocr_par' dir='ltr' id='par_1_4' title="bbox 229 3766 1384 4588">
     <span class='ocr_line' id='line_1_32' title="bbox 264 3766 1379 3838; baseline 0.001 -17"><span class='ocrx_word' id='word_1_249' title='bbox 264 3766 286 3798; x_wconf 79' lang='lat'>⁷⁴</span> <span class='ocrx_word' id='word_1_250' title='bbox 306 3769 368 3822; x_wconf 86' lang='lat' dir='ltr'>The</span> <span class='ocrx_word' id='word_1_251' title='bbox 390 3768 523 3838; x_wconf 87' lang='lat' dir='ltr'>probable</span> <span class='ocrx_word' id='word_1_252' title='bbox 544 3785 629 3823; x_wconf 85' lang='lat' dir='ltr'>cause</span> <span class='ocrx_word' id='word_1_253' title='bbox 650 3767 681 3822; x_wconf 88' lang='lat' dir='ltr'>ol</span> <span class='ocrx_word' id='word_1_254' title='bbox 697 3766 754 3822; x_wconf 92' lang='lat' dir='ltr'>this</span> <span class='ocrx_word' id='word_1_255' title='bbox 773 3768 968 3838; x_wconf 87' lang='lat' dir='ltr'>phenomenon</span> <span class='ocrx_word' id='word_1_256' title='bbox 992 3767 1035 3837; x_wconf 88' lang='lat' dir='ltr'>(ol</span> <span class='ocrx_word' id='word_1_257' title='bbox 1050 3767 1139 3823; x_wconf 89' lang='lat' dir='ltr'>which</span> <span class='ocrx_word' id='word_1_258' title='bbox 1162 3784 1240 3823; x_wconf 89' lang='lat' dir='ltr'>some</span> <span class='ocrx_word' id='word_1_259' title='bbox 1260 3767 1379 3837; x_wconf 83' lang='lat' dir='ltr'>striking</span> 
     </span>
     <span class='ocr_line' id='line_1_33' title="bbox 230 3850 1378 3921; baseline 0.001 -15"><span class='ocrx_word' id='word_1_260' title='bbox 230 3853 370 3906; x_wconf 89' lang='lat' dir='ltr'>instances</span> <span class='ocrx_word' id='word_1_261' title='bbox 389 3851 442 3905; x_wconf 89' lang='lat' dir='ltr'>will</span> <span class='ocrx_word' id='word_1_262' title='bbox 461 3850 496 3906; x_wconf 87' lang='lat' dir='ltr'>be</span> <span class='ocrx_word' id='word_1_263' title='bbox 517 3851 603 3906; x_wconf 79' lang='lat' dir='ltr'>found</span> <span class='ocrx_word' id='word_1_264' title='bbox 630 3851 658 3905; x_wconf 92' lang='lat' dir='ltr'>in</span> <span class='ocrx_word' id='word_1_265' title='bbox 681 3852 732 3906; x_wconf 90' lang='lat' dir='ltr'>Dr.</span> <span class='ocrx_word' id='word_1_266' title='bbox 747 3851 923 3921; x_wconf 86' lang='lat' dir='ltr'>Carpenter’s</span> <span class='ocrx_word' id='word_1_267' title='bbox 943 3851 1053 3906; x_wconf 90' lang='lat' dir='ltr'>Mental</span> <span class='ocrx_word' id='word_1_268' title='bbox 1072 3850 1250 3921; x_wconf 88' lang='lat' dir='ltr'>Physiology,</span> <span class='ocrx_word' id='word_1_269' title='bbox 1269 3852 1312 3906; x_wconf 91' lang='lat' dir='ltr'>ch.</span> <span class='ocrx_word' id='word_1_270' title='bbox 1334 3853 1378 3920; x_wconf 84' lang='lat'>13)</span> 
     </span>
     <span class='ocr_line' id='line_1_34' title="bbox 230 3933 1379 4004; baseline -0.001 -14"><span class='ocrx_word' id='word_1_271' title='bbox 230 3935 253 3990; x_wconf 91' lang='lat' dir='ltr'>is</span> <span class='ocrx_word' id='word_1_272' title='bbox 272 3935 334 3988; x_wconf 92' lang='lat' dir='ltr'>that</span> <span class='ocrx_word' id='word_1_273' title='bbox 353 3951 393 3989; x_wconf 91' lang='lat' dir='ltr'>we</span> <span class='ocrx_word' id='word_1_274' title='bbox 412 3934 574 4004; x_wconf 85' lang='lat' dir='ltr'>repeatedly</span> <span class='ocrx_word' id='word_1_275' title='bbox 593 3951 673 3989; x_wconf 88' lang='lat' dir='ltr'>recur</span> <span class='ocrx_word' id='word_1_276' title='bbox 690 3944 720 3990; x_wconf 94' lang='lat' dir='ltr'>to</span> <span class='ocrx_word' id='word_1_277' title='bbox 738 3935 818 3990; x_wconf 87' lang='lat' dir='ltr'>these</span> <span class='ocrx_word' id='word_1_278' title='bbox 837 3934 970 4004; x_wconf 88' lang='lat' dir='ltr'>thoughts</span> <span class='ocrx_word' id='word_1_279' title='bbox 982 3933 1090 4004; x_wconf 86' lang='lat' dir='ltr'>during</span> <span class='ocrx_word' id='word_1_280' title='bbox 1109 3935 1195 4004; x_wconf 88' lang='lat' dir='ltr'>sleep,</span> <span class='ocrx_word' id='word_1_281' title='bbox 1212 3935 1329 4004; x_wconf 90' lang='lat' dir='ltr'>though,</span> <span class='ocrx_word' id='word_1_282' title='bbox 1342 3952 1379 3990; x_wconf 92' lang='lat' dir='ltr'>on</span> 
     </span>
     <span class='ocr_line' id='line_1_35' title="bbox 230 4017 1384 4088; baseline -0.001 -15"><span class='ocrx_word' id='word_1_283' title='bbox 230 4017 348 4088; x_wconf 82' lang='lat' dir='ltr'>waking,</span> <span class='ocrx_word' id='word_1_284' title='bbox 367 4035 409 4074; x_wconf 90' lang='lat' dir='ltr'>we</span> <span class='ocrx_word' id='word_1_285' title='bbox 427 4018 498 4073; x_wconf 88' lang='lat' dir='ltr'>have</span> <span class='ocrx_word' id='word_1_286' title='bbox 516 4017 654 4086; x_wconf 82' lang='lat' dir='ltr'>iorgotten</span> <span class='ocrx_word' id='word_1_287' title='bbox 675 4018 737 4072; x_wconf 91' lang='lat' dir='ltr'>that</span> <span class='ocrx_word' id='word_1_288' title='bbox 755 4035 796 4072; x_wconf 89' lang='lat' dir='ltr'>we</span> <span class='ocrx_word' id='word_1_289' title='bbox 814 4017 865 4072; x_wconf 93' lang='lat' dir='ltr'>did</span> <span class='ocrx_word' id='word_1_290' title='bbox 883 4035 923 4072; x_wconf 92' lang='lat' dir='ltr'>so.</span> <span class='ocrx_word' id='word_1_291' title='bbox 962 4019 988 4071; x_wconf 95' lang='lat' dir='ltr'>lt</span> <span class='ocrx_word' id='word_1_292' title='bbox 1007 4017 1125 4087; x_wconf 85' lang='lat' dir='ltr'>belongs</span> <span class='ocrx_word' id='word_1_293' title='bbox 1144 4028 1174 4073; x_wconf 91' lang='lat' dir='ltr'>to</span> <span class='ocrx_word' id='word_1_294' title='bbox 1192 4018 1241 4072; x_wconf 87' lang='lat' dir='ltr'>the</span> <span class='ocrx_word' id='word_1_295' title='bbox 1259 4019 1333 4073; x_wconf 87' lang='lat' dir='ltr'>class</span> <span class='ocrx_word' id='word_1_296' title='bbox 1352 4018 1384 4074; x_wconf 86' lang='lat' dir='ltr'>ol</span> 
     </span>
     <span class='ocr_line' id='line_1_36' title="bbox 230 4099 1380 4173; baseline 0.002 -17"><span class='ocrx_word' id='word_1_297' title='bbox 230 4103 408 4173; x_wconf 89' lang='lat' dir='ltr'>phenomena</span> <span class='ocrx_word' id='word_1_298' title='bbox 431 4100 580 4156; x_wconf 87' lang='lat' dir='ltr'>described</span> <span class='ocrx_word' id='word_1_299' title='bbox 606 4103 644 4170; x_wconf 92' lang='lat' dir='ltr'>by</span> <span class='ocrx_word' id='word_1_300' title='bbox 663 4100 788 4156; x_wconf 88' lang='lat' dir='ltr'>Leibnitz</span> <span class='ocrx_word' id='word_1_301' title='bbox 807 4117 839 4156; x_wconf 88' lang='lat' dir='ltr'>as</span> <span class='ocrx_word' id='word_1_302' title='bbox 859 4101 992 4156; x_wconf 85' lang='lat' dir='ltr'>‘obscure</span> <span class='ocrx_word' id='word_1_303' title='bbox 1011 4099 1106 4169; x_wconf 88' lang='lat' dir='ltr'>ideas,&#39;</span> <span class='ocrx_word' id='word_1_304' title='bbox 1124 4100 1163 4169; x_wconf 88' lang='lat' dir='ltr'>by</span> <span class='ocrx_word' id='word_1_305' title='bbox 1182 4101 1329 4158; x_wconf 91' lang='lat' dir='ltr'>Hamilton</span> <span class='ocrx_word' id='word_1_306' title='bbox 1348 4119 1380 4158; x_wconf 87' lang='lat' dir='ltr'>as</span> 
     </span>
     <span class='ocr_line' id='line_1_37' title="bbox 230 4183 1380 4255; baseline 0.001 -17"><span class='ocrx_word' id='word_1_307' title='bbox 230 4185 350 4240; x_wconf 86' lang='lat' dir='ltr'>‘Latent</span> <span class='ocrx_word' id='word_1_308' title='bbox 364 4185 472 4239; x_wconf 88' lang='lat' dir='ltr'>Mental</span> <span class='ocrx_word' id='word_1_309' title='bbox 489 4183 719 4252; x_wconf 85' lang='lat' dir='ltr'>Modifications,&#39;</span> <span class='ocrx_word' id='word_1_310' title='bbox 731 4185 769 4254; x_wconf 88' lang='lat' dir='ltr'>by</span> <span class='ocrx_word' id='word_1_311' title='bbox 783 4186 833 4239; x_wconf 92' lang='lat' dir='ltr'>Dr.</span> <span class='ocrx_word' id='word_1_312' title='bbox 848 4186 1002 4255; x_wconf 87' lang='lat' dir='ltr'>Carpenter</span> <span class='ocrx_word' id='word_1_313' title='bbox 1018 4201 1050 4238; x_wconf 88' lang='lat' dir='ltr'>as</span> <span class='ocrx_word' id='word_1_314' title='bbox 1068 4184 1281 4240; x_wconf 90' lang='lat' dir='ltr'>‘Unconscious</span> <span class='ocrx_word' id='word_1_315' title='bbox 1295 4186 1380 4239; x_wconf 89' lang='lat' dir='ltr'>Cere·</span> 
     </span>
     <span class='ocr_line' id='line_1_38' title="bbox 230 4267 1380 4338; baseline -0.001 -15"><span class='ocrx_word' id='word_1_316' title='bbox 230 4267 358 4335; x_wconf 65' lang='lat' dir='ltr'>bradon:</span> <span class='ocrx_word' id='word_1_317' title='bbox 369 4268 426 4322; x_wconf 88' lang='lat' dir='ltr'>and</span> <span class='ocrx_word' id='word_1_318' title='bbox 436 4285 513 4322; x_wconf 91' lang='lat' dir='ltr'>more</span> <span class='ocrx_word' id='word_1_319' title='bbox 526 4268 641 4338; x_wconf 87' lang='lat' dir='ltr'>happily</span> <span class='ocrx_word' id='word_1_320' title='bbox 650 4268 688 4337; x_wconf 87' lang='lat' dir='ltr'>by</span> <span class='ocrx_word' id='word_1_321' title='bbox 696 4269 751 4322; x_wconf 91' lang='lat' dir='ltr'>Mr.</span> <span class='ocrx_word' id='word_1_322' title='bbox 763 4269 859 4324; x_wconf 88' lang='lat' dir='ltr'>Lewes</span> <span class='ocrx_word' id='word_1_323' title='bbox 871 4284 904 4322; x_wconf 88' lang='lat' dir='ltr'>as</span> <span class='ocrx_word' id='word_1_324' title='bbox 917 4269 924 4297; x_wconf 88' lang='lat'>‘</span> <span class='ocrx_word' id='word_1_325' title='bbox 935 4267 1223 4324; x_wconf 87' lang='lat' dir='ltr'>Subconsciousness.&#39;</span> <span class='ocrx_word' id='word_1_326' title='bbox 1243 4268 1380 4337; x_wconf 86' lang='lat' dir='ltr'>Awalring</span> 
     </span>
     <span class='ocr_line' id='line_1_39' title="bbox 229 4349 1380 4423; baseline 0.002 -18"><span class='ocrx_word' id='word_1_327' title='bbox 229 4361 259 4405; x_wconf 88' lang='lat' dir='ltr'>at</span> <span class='ocrx_word' id='word_1_328' title='bbox 271 4368 307 4406; x_wconf 89' lang='lat' dir='ltr'>an</span> <span class='ocrx_word' id='word_1_329' title='bbox 321 4350 474 4422; x_wconf 88' lang='lat' dir='ltr'>appointed</span> <span class='ocrx_word' id='word_1_330' title='bbox 493 4352 564 4407; x_wconf 90' lang='lat' dir='ltr'>bour</span> <span class='ocrx_word' id='word_1_331' title='bbox 576 4350 600 4407; x_wconf 87' lang='lat' dir='ltr'>is</span> <span class='ocrx_word' id='word_1_332' title='bbox 613 4369 630 4406; x_wconf 91' lang='lat' dir='ltr'>a</span> <span class='ocrx_word' id='word_1_333' title='bbox 642 4349 716 4421; x_wconf 89' lang='lat' dir='ltr'>good</span> <span class='ocrx_word' id='word_1_334' title='bbox 729 4353 786 4406; x_wconf 88' lang='lat' dir='ltr'>and</span> <span class='ocrx_word' id='word_1_335' title='bbox 803 4351 922 4407; x_wconf 86' lang='lat' dir='ltr'>lamiliar</span> <span class='ocrx_word' id='word_1_336' title='bbox 939 4350 1066 4407; x_wconf 87' lang='lat' dir='ltr'>instance</span> <span class='ocrx_word' id='word_1_337' title='bbox 1079 4351 1108 4405; x_wconf 86' lang='lat' dir='ltr'>ol</span> <span class='ocrx_word' id='word_1_338' title='bbox 1119 4352 1167 4406; x_wconf 90' lang='lat' dir='ltr'>the</span> <span class='ocrx_word' id='word_1_339' title='bbox 1183 4368 1277 4423; x_wconf 87' lang='lat' dir='ltr'>power</span> <span class='ocrx_word' id='word_1_340' title='bbox 1289 4351 1380 4406; x_wconf 90' lang='lat' dir='ltr'>which</span> 
     </span>
     <span class='ocr_line' id='line_1_40' title="bbox 230 4433 1379 4506; baseline 0 -16"><span class='ocrx_word' id='word_1_341' title='bbox 230 4435 278 4490; x_wconf 92' lang='lat' dir='ltr'>the</span> <span class='ocrx_word' id='word_1_342' title='bbox 291 4435 369 4489; x_wconf 89' lang='lat' dir='ltr'>mind</span> <span class='ocrx_word' id='word_1_343' title='bbox 382 4435 502 4503; x_wconf 87' lang='lat' dir='ltr'>actually</span> <span class='ocrx_word' id='word_1_344' title='bbox 514 4443 605 4490; x_wconf 89' lang='lat' dir='ltr'>exerts</span> <span class='ocrx_word' id='word_1_345' title='bbox 615 4436 717 4506; x_wconf 87' lang='lat' dir='ltr'>during</span> <span class='ocrx_word' id='word_1_346' title='bbox 726 4435 811 4506; x_wconf 88' lang='lat' dir='ltr'>sleep,</span> <span class='ocrx_word' id='word_1_347' title='bbox 821 4435 929 4504; x_wconf 86' lang='lat' dir='ltr'>though</span> <span class='ocrx_word' id='word_1_348' title='bbox 938 4435 975 4490; x_wconf 86' lang='lat' dir='ltr'>all</span> <span class='ocrx_word' id='word_1_349' title='bbox 984 4435 1161 4492; x_wconf 88' lang='lat' dir='ltr'>recollection</span> <span class='ocrx_word' id='word_1_350' title='bbox 1171 4436 1203 4491; x_wconf 81' lang='lat' dir='ltr'>of</span> <span class='ocrx_word' id='word_1_351' title='bbox 1211 4433 1247 4490; x_wconf 89' lang='lat' dir='ltr'>its</span> <span class='ocrx_word' id='word_1_352' title='bbox 1257 4435 1379 4491; x_wconf 86' lang='lat' dir='ltr'>exertion</span> 
     </span>
     <span class='ocr_line' id='line_1_41' title="bbox 231 4519 595 4588; baseline 0 -16"><span class='ocrx_word' id='word_1_353' title='bbox 231 4534 297 4587; x_wconf 90' lang='lat' dir='ltr'>may</span> <span class='ocrx_word' id='word_1_354' title='bbox 309 4519 381 4574; x_wconf 88' lang='lat' dir='ltr'>have</span> <span class='ocrx_word' id='word_1_355' title='bbox 392 4519 496 4588; x_wconf 88' lang='lat' dir='ltr'>passed</span> <span class='ocrx_word' id='word_1_356' title='bbox 507 4534 595 4587; x_wconf 87' lang='lat' dir='ltr'>away.</span> 
     </span>
    </p>
   </div>
   <div class='ocr_carea' id='block_1_4' title="bbox 0 0 1682 5152">
    <p class='ocr_par' dir='ltr' id='par_1_5' title="bbox 0 0 1682 5152">
     <span class='ocr_line' id='line_1_42' title="bbox 0 0 1682 5152; baseline 0 0"><span class='ocrx_word' id='word_1_357' title='bbox 0 0 1682 5152; x_wconf 95' lang='lat' dir='ltr'> </span> 
     </span>
    </p>
   </div>
  </div>
 </body>
</html>
