3308 5152
538 973 577 1066 F
587 970 1029 1068 RANCISCUS

475 1177 574 1259 DE
622 1175 1101 1259 VERULAMIO

589 1363 663 1429 sic
696 1361 984 1442 coenatum

519 1524 797 1605 retenone
823 1525 963 1592 neon
995 1525 1058 1590 se

421 1689 580 1753 rationem
603 1687 757 1766 instituit,
780 1709 878 1770 quam
907 1687 1095 1752 Viventibus
1116 1697 1149 1752 et

514 1852 663 1917 Posteris
685 1861 795 1916 notam
811 1850 897 1938 fieri
916 1851 1059 1933 ipsorum

633 2018 783 2080 interesse
797 2017 942 2098 putavit.

252 2230 342 2294 CUM
360 2230 406 2293 illi
424 2251 484 2313 pro
501 2239 671 2313 comperto
690 2239 775 2293 essct
798 2228 1000 2294 intellectum
1021 2228 1203 2293 humanum
1220 2231 1281 2294 sibi
1299 2231 1360 2314 ipsi

202 2334 380 2416 negotium
411 2334 578 2410 facessere,
610 2354 718 2416 neque
751 2333 882 2396 auxiliis
914 2335 998 2397 veris
1032 2329 1133 2418 (quae
1159 2335 1192 2396 in
1219 2332 1362 2399 hominis

204 2447 376 2521 potestate
391 2435 480 2522 sunt)
496 2439 544 2502 uti
560 2438 668 2501 sobrie
685 2446 719 2500 et
737 2437 913 2501 commode
928 2461 935 2512 3
959 2439 1047 2501 unde
1062 2436 1238 2520 multiplex
1255 2459 1361 2501 rerum

207 2543 374 2624 ignoratio
386 2552 420 2606 et
436 2562 480 2605 ex
498 2541 701 2624 ignoratione
718 2561 824 2603 rerum
841 2541 1040 2604 detrimenta
1059 2541 1246 2604 innumera:
1271 2543 1361 2605 omni

209 2666 275 2728 ope
290 2646 523 2710 connitendum
540 2644 753 2718 existimavit,
771 2645 797 2706 si
815 2663 883 2726 quo
906 2645 1007 2708 modo
1025 2646 1257 2709 commercium
1275 2646 1362 2710 istud

211 2749 336 2812 Mentis
344 2759 378 2812 et
388 2749 512 2812 Rerum
523 2746 589 2833 (cui
602 2747 658 2810 vix
671 2747 796 2830 aliquid
812 2748 844 2810 in
857 2749 960 2825 terris,
972 2758 1029 2810 aut
1041 2747 1158 2812 saltem
1172 2749 1203 2810 in
1216 2750 1361 2826 terrenis

211 2873 248 2916 se
266 2852 410 2916 ostendit
432 2850 552 2936 simile)
576 2852 699 2915 restitui
723 2862 834 2934 posset
857 2851 889 2914 in
914 2853 1087 2936 integrum,
1110 2862 1167 2916 aut
1187 2852 1304 2915 saltem
1329 2854 1360 2916 in

212 2955 329 3019 melius
352 2955 479 3020 deduci.
536 2955 585 3018 Ut
607 2977 685 3018 vero
715 2975 840 3018 errores
867 2957 922 3037 qui
947 2955 1160 3031 invaluerunt,
1183 2956 1305 3038 quique
1329 2958 1360 3019 in

212 3069 382 3122 aetemum
394 3057 557 3122 invalituri
569 3069 654 3134 sunt,
663 3059 718 3122 alii
729 3068 805 3141 post
815 3058 896 3122 alios
907 3057 947 3144 (si
959 3079 1050 3123 mens
1062 3059 1123 3122 sibi
1137 3060 1361 3146 permittatur)

212 3164 274 3245 ipsi
290 3184 324 3226 se
339 3163 546 3246 corrigerent,
562 3163 613 3226 vel
634 3184 677 3226 ex
697 3164 728 3225 vi
749 3161 933 3227 intellectus
954 3164 1087 3246 propria
1103 3163 1153 3226 vel
1170 3184 1213 3226 ex
1230 3165 1361 3228 auxiliis

211 3277 313 3348 atque
342 3266 550 3330 adminiculis
580 3265 779 3342 dialecticae,
811 3266 901 3330 nulla
937 3288 1069 3349 prorsus
1102 3267 1235 3331 suberat
1265 3289 1359 3350 spes;

211 3381 386 3453 propterea
411 3371 501 3452 quod
527 3371 679 3434 notiones
709 3391 816 3433 rerum
847 3372 982 3451 primae,
1012 3391 1094 3453 quas
1122 3392 1214 3434 mens
1241 3371 1359 3437 haustu

211 3473 296 3538 sacili
312 3483 345 3537 et
361 3475 479 3556 supino
496 3474 620 3555 excipit
636 3475 783 3538 recondit
804 3483 905 3554 atque
920 3474 1105 3539 accumulat
1121 3473 1221 3558 (unde
1238 3476 1360 3559 reliqua

211 3578 323 3642 omnia
346 3576 475 3663 fluunt),
505 3579 643 3641 vitiosae
667 3579 731 3640 sint
758 3588 791 3641 et
818 3577 973 3642 confusae
1004 3588 1038 3642 et
1067 3590 1191 3643 temere
1218 3603 1237 3644 a
1265 3582 1361 3645 rebus

212 3681 418 3756 abstractae3
441 3701 547 3762 neque
571 3681 676 3744 minor
699 3682 741 3744 sit
764 3682 796 3743 in
820 3683 972 3746 secundis
994 3691 1027 3745 et
1051 3681 1182 3765 reliquis
1203 3681 1306 3748 libido
1327 3697 1361 3749 et

213 3785 451 3863 inconstantia3
475 3807 518 3848 ex
541 3805 608 3866 quo
633 3784 678 3861 fit,
703 3797 739 3848 ut
763 3785 911 3850 universa
936 3786 998 3850 ista
1022 3788 1104 3849 ratio
1125 3786 1278 3864 humana,
1295 3809 1360 3870 qua

212 3890 335 3952 utimur
358 3890 468 3971 quoad
500 3889 742 3970 inquisitionem
774 3897 919 3963 naturae,
946 3910 1010 3952 non
1038 3890 1122 3954 bene
1145 3901 1301 3974 congesta
1327 3902 1361 3954 et

211 3992 385 4056 aedificata
407 3993 458 4065 sit,
482 3994 540 4055 sed
564 4002 721 4073 tanquam
746 3991 850 4056 moles
872 3991 982 4074 aliqua
1005 3993 1178 4077 magnifica
1201 3993 1271 4056 sine'
1290 3993 1359 4056 lun·

212 4099 378 4160 damento.
433 4097 523 4159 Dum
546 4097 633 4159 enim
657 4095 756 4159 falsas
780 4098 899 4160 mentis
921 4097 1007 4160 vires
1031 4098 1190 4159 mirantur
1211 4097 1360 4162 homines

213 4211 245 4263 et
268 4199 444 4276 celebrant,
467 4219 561 4262 veras
590 4199 737 4280 ejusdem
769 4220 855 4281 quae
884 4221 954 4264 esse
982 4201 1108 4283 possint
1131 4197 1170 4282 (si
1194 4200 1307 4263 debita
1330 4204 1359 4265 ei

212 4303 433 4368 adhibeantur
454 4302 588 4380 auxilia,
611 4315 712 4385 atque
736 4305 806 4386 ipsa
834 4305 930 4368 rebus
953 4305 1116 4388 morigera
1139 4304 1190 4378 sit,
1215 4325 1274 4368 nec
1298 4306 1359 4368 im-

212 4417 364 4491 potenter
395 4408 492 4471 rebus
526 4406 673 4491 insultet)
703 4419 910 4490 praetereunt
938 4417 971 4472 et
998 4409 1150 4490 perdunt.
1197 4407 1359 4473 Restabat
