3250 5138
311 373 375 454 578
681 371 1070 431 vovnnoaoxnun.

313 543 477 627 quaedam
500 535 718 624 artificiales);
740 547 775 603 et
796 537 997 620 hujusmodi.
1042 533 1235 619 Quinetiam
1258 553 1348 617 quae
1370 531 1475 596 inter·

313 645 448 710 veniunt
470 645 502 708 in
526 654 643 708 natura
664 643 946 716 condensatioues,
964 640 1071 706 factae
1088 659 1147 722 per
1164 639 1293 720 frigora,
1316 635 1474 700 similiter

314 759 390 816 sunt
410 747 678 831 investigandae;
701 755 748 826 ut,
768 747 876 812 causis
895 765 1008 811 eorum
1029 744 1178 828 cognitis,
1197 741 1367 807 transferri
1391 761 1472 824 pos·

313 854 380 918 sint
406 853 439 915 in
465 861 562 916 artes.
607 849 732 934 Quales
758 859 936 916 cernuntur
957 849 990 912 in
1012 847 1213 914 exudatione
1236 846 1415 910 marmoris
1436 853 1472 906 et

313 956 461 1040 lapidum
471 952 518 1034 ι’;
541 955 573 1018 in
584 955 804 1018 rorationibus
814 974 913 1038 super
923 953 1007 1016 vitra
1018 971 1078 1036 per
1089 950 1224 1015 interius
1235 950 1471 1018 fenestrarum,

313 1062 377 1126 sub
390 1079 553 1136 auroram,
568 1069 645 1142 post
665 1057 741 1142 gelu
759 1059 886 1136 noctis;
909 1057 942 1120 in
961 1055 1141 1140 originibus
1160 1064 1194 1120 et
1214 1053 1471 1118 collectionssaus

315 1179 476 1242 vaporum
494 1158 526 1222 in
541 1177 647 1240 aquas
662 1159 725 1222 sub
738 1167 835 1236 terra,
847 1157 934 1222 unde
949 1177 1049 1241 saepe
1063 1155 1244 1221 scaturiunt
1255 1150 1415 1228 fontes¹³;
1435 1161 1470 1216 et

315 1282 531 1347 quaecunque
545 1271 622 1325 sunt
636 1261 734 1344 huius
748 1261 886 1346 generis.

361 1366 578 1432 Inveniuntur
591 1373 714 1440 autern,
730 1375 860 1450 praeter
874 1363 930 1430 illa
945 1383 1030 1450 quae
1045 1371 1122 1427 sunt
1137 1361 1254 1444 frigida
1269 1361 1311 1424 ad
1328 1369 1469 1438 tactum,

317 1472 483 1554 quaedam
498 1469 564 1534 alia
578 1477 744 1554 potestate
754 1469 882 1552 frigida,
893 1489 980 1552 quae
991 1468 1091 1532 etiam
1103 1467 1323 1540 condensant;
1347 1483 1468 1527 verun-

316 1587 428 1640 tamen
444 1573 573 1656 operari
585 1575 737 1638 videntur
750 1594 849 1658 super
860 1592 997 1658 corpora
1008 1569 1198 1635 animalium
1210 1579 1349 1646 tautum,
1362 1579 1397 1632 et
1408 1568 1467 1630 vix

316 1679 411 1744 ultra.
457 1677 567 1760 Hujus
582 1678 710 1760 generis
728 1697 766 1741 se
785 1677 966 1742 ostendunt
983 1673 1088 1740 multa
1107 1675 1139 1738 in
1158 1674 1326 1738 medicinis
1345 1683 1380 1736 et
1397 1693 1467 1735 em-

316 1783 460 1866 plastris.
504 1781 585 1846 Alia
599 1791 712 1847 autem
731 1783 933 1846 condensant
952 1799 1066 1846 carnes
1087 1789 1119 1842 et
1140 1789 1250 1862 partes
1268 1776 1467 1860 tangibile53

317 1885 428 1969 qualia
440 1897 516 1950 suut
529 1887 771 1950 medicamenta
782 1885 1005 1968 astringentia,
1016 1893 1116 1966 atque
1126 1883 1224 1947 etiam
1237 1881 1467 1963 inspissantia:

317 1989 381 2053 alia
403 1989 607 2053 condensant
630 1990 784 2074 spiritus;
808 1990 841 2055 id
866 1989 957 2072 quod
979 1987 1126 2052 maxime
1149 1987 1289 2051 cernitur
1310 1985 1343 2048 in
1369 2005 1468 2068 sopo

318 2091 420 2156 riferis
430 2091 468 2154 ¹⁴.
515 2092 652 2175 Duplex
668 2105 781 2158 autem
797 2103 848 2158 est
867 2095 986 2156 modus
1000 2091 1266 2156 condensationis
1280 2089 1467 2173 spirituum,

317 2217 377 2280 per
393 2197 634 2261 medicamenta
656 2197 844 2281 soporifera,
867 2197 935 2260 sive
958 2193 1169 2277 provocantia
1190 2213 1362 2258 somnum:
1382 2191 1469 2256 alter

318 2321 376 2384 per
398 2301 603 2365 sedationem
627 2311 757 2379 motus;
779 2301 864 2366 alter
885 2321 944 2382 per
965 2299 1078 2382 fugam
1101 2298 1285 2382 spirituum.
1332 2297 1468 2360 Etenim

317 2404 413 2480 viola,
430 2424 503 2468 rosa
520 2405 613 2476 sicca,
631 2403 767 2482 lactuca,
783 2414 816 2468 et
831 2403 1020 2485 hujusmodi
1036 2401 1209 2466 benedicta
1228 2401 1295 2464 sive
1312 2399 1468 2482 benigna,

317 2529 377 2592 per
403 2527 540 2590 vapores
564 2528 643 2572 suos
669 2509 794 2572 amicos
817 2517 851 2572 et
874 2507 1044 2572 moderate
1067 2505 1302 2588 refrigerantes,
1325 2505 1469 2568 invitant

317 2611 450 2693 spiritua
472 2621 508 2674 ut
529 2631 566 2675 se
586 2612 709 2689 uniant,
725 2622 759 2676 et
780 2613 925 2694 ipsorum
944 2630 1052 2674 acrem
1075 2620 1109 2673 et
1133 2609 1311 2694 inquietum
1337 2619 1468 2673 motum

317 2724 542 2797 compescunt.
606 2715 719 2780 Etiam
752 2735 839 2798 aqua
872 2734 1013 2788 rosacea,
1047 2713 1200 2796 apposita
1232 2713 1275 2776 ad
1307 2733 1404 2776 nares
1435 2715 1469 2776 in

318 2819 470 2900 deliquiis
497 2820 637 2897 animae,
663 2819 798 2903 spiritus
824 2818 986 2882 resolutos
1013 2827 1047 2882 et
1074 2817 1212 2880 nimium
1238 2813 1407 2880 relaxatos
1433 2837 1470 2881 se

318 2922 462 3006 recipere
486 2922 572 2994 facit,
599 2933 632 2987 et
654 2933 812 3005 tanquam
835 2922 904 2986 alit.
948 2921 999 2986 At
1023 2920 1135 3003 opiata
1159 2932 1193 2985 et
1219 2941 1333 2986 eorum
1358 2919 1470 2985 affinia

317 3027 451 3109 spiritus
476 3027 576 3108 plane
602 3026 727 3108 fugant,
753 3048 798 3090 ex
824 3026 984 3108 qualitate
1009 3045 1068 3088 sua
1094 3023 1239 3108 maligna
1264 3034 1298 3088 et
1325 3024 1468 3089 inimica.

319 3129 438 3211 Itaque
453 3131 480 3192 si
496 3131 704 3212 applicentur
719 3129 803 3212 parti
826 3130 991 3204 exteriori,
1010 3129 1125 3193 statim
1143 3128 1316 3211 aufugiunt
1334 3130 1469 3212 spiritus

318 3232 361 3294 ab
391 3230 446 3294 illa
473 3243 577 3313 parte,
605 3253 664 3297 nec
690 3232 832 3316 amplius
858 3233 998 3297 libenter
1024 3231 1183 3296 influunt:
1218 3233 1268 3296 sin
1294 3243 1469 3296 sumantur

318 3335 461 3412 interius,
491 3356 630 3417 vapores
660 3357 784 3414 eorum,
813 3337 1027 3406 ascendentes
1055 3337 1098 3401 ad
1128 3346 1237 3419 caput,
1268 3335 1402 3419 spiritus
1434 3338 1468 3400 in

353 3519 375 3552 ¹²
392 3520 463 3575 This
476 3522 532 3575 and
545 3522 592 3576 the
606 3534 670 3578 next
680 3525 876 3594 phenomenon
886 3525 955 3579 both
964 3525 1011 3579 fall
1021 3525 1111 3579 under
1119 3525 1167 3579 the
1176 3525 1289 3594 general
1298 3524 1373 3580 head
1382 3525 1414 3578 of
1420 3525 1469 3579 the

319 3607 486 3679 Deposition
499 3608 531 3662 of
541 3611 620 3664 Dav.
647 3611 704 3665 For
715 3613 872 3667 references
885 3629 921 3666 on
934 3611 990 3667 this
1003 3611 1119 3682 subject,
1133 3629 1181 3666 see
1193 3621 1274 3668 notes
1285 3629 1323 3666 on
1336 3613 1411 3683 Aph.
1425 3627 1468 3678 ⁴7·

319 3694 370 3763 Cp.
383 3692 444 3746 also
457 3692 542 3761 Sylva
554 3694 710 3763 Sylvanrm,
723 3697 794 3766 Exp.
808 3695 850 3750 81.

354 3774 374 3806 ¹³
394 3775 513 3830 Bacon’s
526 3777 658 3846 meaning
671 3777 724 3831 will
737 3779 772 3832 be
785 3779 868 3831 made
881 3776 956 3847 plain
970 3778 1008 3848 by
1016 3778 1064 3832 the
1076 3777 1215 3848 following
1224 3778 1392 3833 marvellous
1404 3796 1468 3848 pas

318 3876 384 3928 sage
397 3859 426 3912 in
439 3859 487 3914 the
501 3859 627 3914 Historia
639 3861 727 3915 Densi
737 3871 764 3915 et
775 3860 843 3914 Rari
855 3861 900 3928 (E.
910 3861 966 3916 and
977 3861 1016 3926 S,
1026 3862 1080 3915 vol.
1091 3860 1118 3914 ii.
1129 3878 1155 3931 p.
1164 3861 1227 3929 293)
1240 3878 1248 3916 :
1268 3860 1469 3916 ‘Existimatur

318 3941 395 4011 origo
407 3941 525 3996 fontium
538 3953 564 3997 et
578 3959 714 4013 aquarum
727 3943 858 4010 dulcium,
872 3960 943 4014 quae
957 3961 992 3999 ex
1008 3953 1082 3998 terra
1100 3943 1262 4012 scaturiunt,
1279 3943 1337 3998 fieri
1351 3962 1387 3999 ex
1403 3963 1469 4000 aere

317 4025 450 4080 concluso
462 4025 490 4078 in
509 4025 586 4079 cavis
602 4035 692 4080 terrae
711 4025 885 4096 (praesertim
903 4026 1051 4094 montium)
1068 4027 1214 4096 coagulato
1232 4037 1260 4081 et
1279 4027 1468 4082 condensato!

319 4109 370 4178 Cp.
383 4106 468 4160 Arist.
483 4107 709 4178 Meteorologica,
720 4109 736 4162 i.
750 4123 781 4176 13
793 4108 831 4178 (p.
841 4123 894 4177 349
902 4111 929 4163 b.
943 4123 983 4177 19,
993 4108 1073 4176 &c.);
1095 4110 1212 4176 Seneca,
1222 4111 1290 4165 Nat.
1301 4109 1417 4178 Quaest.
1430 4111 1468 4166 iii.

318 4205 343 4258 9,
360 4204 399 4244 10.
437 4191 562 4245 Granted
576 4191 623 4245 the
636 4191 762 4246 doctrine
774 4192 806 4246 of
818 4192 865 4246 the
882 4191 1120 4262 transmutability
1133 4192 1165 4247 of
1176 4194 1223 4247 the
1239 4194 1391 4262 elements;
1410 4195 1468 4249 this

317 4272 421 4328 absurd
433 4273 531 4341 theory
545 4290 636 4328 seems
648 4274 757 4328 natural
770 4274 890 4344 enough.

353 4352 375 4384 ¹⁴
393 4356 454 4409 The
467 4356 567 4410 reader
579 4356 632 4409 will
645 4357 703 4410 find
717 4373 795 4412 some
808 4373 874 4425 very
887 4357 996 4413 curious
1009 4358 1135 4413 remarks
1147 4375 1185 4412 on
1202 4359 1281 4415 these
1297 4357 1421 4429 subjects
1440 4357 1468 4413 in

317 4433 365 4492 the
379 4437 506 4493 Historia
518 4438 600 4495 Vitae
613 4449 640 4494 et
654 4439 764 4508 Mortis,
778 4441 812 4496 E.
825 4441 881 4496 aud
895 4443 932 4509 S.,
945 4442 998 4496 vol.
1011 4440 1039 4496 ii.
1052 4458 1100 4512 pp.
1116 4442 1226 4507 161-71.
