3280 5238
647 383 727 439 rra.
750 382 793 441 11.
816 387 870 457 45·
1266 391 1330 461 519

182 546 286 612 latum
301 555 336 612 et
352 545 510 632 planetas,
525 565 584 631 per
604 566 705 629 quam
728 555 907 612 evocentur
930 557 963 612 et
986 547 1182 613 attollantur
1205 548 1246 612 ad
1270 567 1331 612 sua

183 650 386 735 apogaea¹⁴3
420 651 501 717 haec
527 653 639 715 omnia
669 663 849 734 operantur
875 652 918 715 ad
949 652 1123 717 distantias
1149 651 1331 716 admodum

181 753 388 838 longinquas.
449 756 665 819 Inveniuntur
695 764 729 820 et
762 755 927 839 quaedam
960 754 1235 821 inflammationes
1265 757 1333 819 sive

183 859 416 941 conceptiones
434 858 597 938 flammae,
613 880 698 944 quae
720 858 803 923 fiunt
822 859 865 924 ad
885 860 1060 925 distantias
1081 861 1165 924 bene
1186 879 1333 943 magnas,

183 962 215 1026 in
238 962 404 1045 aliquibus
427 964 591 1043 materiis;
623 974 660 1028 ut
681 963 826 1028 referunt
848 966 891 1028 de
911 964 1059 1046 naphtha
1082 964 1287 1046 Babylonica
1296 961 1332 1026 ¹⁶.

184 1065 320 1132 Calores
336 1069 437 1133 etiam
453 1069 619 1132 insinuant
634 1089 669 1134 se
690 1089 747 1151 per
767 1068 942 1132 distantias
963 1068 1099 1151 amplas,
1120 1068 1211 1150 quod
1232 1069 1333 1133 etiam

183 1170 307 1237 iaciunt
331 1172 474 1255 frigora3
507 1175 592 1237 adeo
615 1183 653 1238 ut
675 1173 903 1238 habitantibus
926 1174 1010 1238 circa
1035 1173 1205 1238 Canadam
1229 1173 1334 1238 moles

183 1276 251 1340 sive
288 1297 417 1342 massae
452 1277 616 1361 glaciales,
653 1298 738 1361 quae
775 1278 1016 1360 abrumpuntur
1051 1287 1085 1342 et
1122 1286 1237 1340 natant
1275 1295 1335 1358 per

183 1401 342 1446 oceanum
358 1380 649 1465 septentrionalem
665 1391 699 1445 et
715 1380 905 1444 deleruntur
919 1401 979 1464 per
994 1380 1201 1445 Atlanticum
1222 1399 1335 1443 versus

182 1485 255 1549 illas
264 1506 348 1562 oras,
361 1487 582 1569 percipiantur
593 1496 626 1550 et
639 1486 799 1550 incutiant
813 1485 935 1568 lrigora
950 1506 969 1550 e
985 1485 1174 1568 longinquo.
1204 1483 1335 1549 Odores

182 1609 315 1672 quoque
341 1587 431 1674 (licet
456 1591 489 1655 in
517 1591 568 1656 his
594 1591 746 1655 videatur
770 1610 900 1673 semper
921 1610 993 1654 esse
1015 1591 1179 1673 quaedam
1203 1589 1335 1653 emissio

182 1711 340 1776 corporea
349 1691 390 1778 10)
402 1704 581 1776 operantur
595 1697 638 1758 ad
654 1694 830 1758 distantias
845 1692 1009 1756 notabiles
1022 1716 1029 1768 ;
1053 1701 1091 1756 ut
1106 1693 1234 1758 evenire
1249 1691 1333 1755 solet

183 1797 413 1880 navigantibus
434 1798 534 1880 juxta
557 1797 654 1862 litora
677 1797 840 1874 Floridae,
866 1807 925 1860 aut
951 1797 1051 1861 etiam
1075 1796 1233 1861 nonnulla
1256 1795 1335 1858 His-

182 1902 309 1984 paniae,
338 1901 394 1965 ubi
420 1911 496 1966 sunt
521 1902 634 1984 sylvae
660 1911 751 1966 totae
774 1921 818 1964 ex
845 1901 1017 1964 arboribus
1044 1900 1215 1976 limonum,
1241 1919 1335 1964 aran·

182 2005 304 2068 tiorum
315 2005 350 2080 ¹⁷,
378 2016 411 2070 et
437 2005 628 2088 hujusmodi
655 2004 843 2089 plantarum
870 2007 1093 2083 odoratarum,
1120 2014 1177 2068 aut
1203 2003 1335 2069 frutices

182 2109 388 2184 rorismarini‚
412 2110 610 2193 majoranae,
630 2119 664 2174 et
684 2109 842 2174 similium
855 2107 892 2172 ¹⁸.
939 2110 1113 2174 Postremo
1135 2108 1334 2173 radiationes

112 2261 116 2266 -
183 2212 264 2278 lucis
280 2223 313 2277 et
329 2215 560 2297 impressiones
579 2233 735 2279 sonorum
757 2224 936 2297 operantur
956 2213 1081 2277 scilicet
1099 2214 1141 2278 ad
1162 2212 1336 2278 distantias

182 2318 353 2400 spatiosas.

226 2420 350 2485 Verum
366 2421 449 2486 haec
464 2423 585 2500 omnia,
598 2433 764 2506 utcunque
776 2431 952 2506 operentur
966 2421 1011 2487 ad
1028 2420 1202 2488 distantias
1218 2440 1335 2504 parvas

182 2525 250 2590 sive
275 2546 420 2610 magnas,
443 2537 622 2610 operantur
644 2539 733 2592 certe
755 2530 798 2591 ad
822 2527 931 2591 finitas
954 2537 989 2591 et
1012 2536 1148 2591 naturae
1170 2535 1276 2603 notas,
1299 2534 1336 2588 ut

182 2630 224 2693 sit
246 2631 405 2712 quiddam
427 2629 506 2694 Non
532 2631 650 2695 Ultra:
674 2630 774 2714 idque
794 2650 855 2715 pro
876 2631 1066 2708 rationibus,
1084 2640 1143 2694 aut
1161 2629 1258 2692 molis
1277 2648 1335 2691 seu

217 2899 239 2932 ¹⁴
258 2903 334 2958 Note
345 2902 402 2958 this
415 2901 526 2958 curious
540 2905 713 2974 suggestion,
726 2905 787 2959 that
801 2903 848 2959 the
861 2903 983 2959 motinus
996 2902 1027 2958 ol
1037 2903 1085 2958 the
1098 2903 1208 2974 planets
1220 2919 1267 2956 are
1280 2901 1335 2956 due

182 2996 212 3041 to
230 2986 278 3040 the
298 2986 438 3056 magnetic
460 2988 609 3042 attraction
627 2988 659 3041 of
673 2988 721 3042 the
740 2989 849 3044 coelum
868 2987 1018 3043 stellatum.
1055 2988 1107 3057 Cp.
1126 2985 1236 3041 Thema
1256 2983 1335 3039 Coeli

183 3069 229 3136 (E.
239 3071 295 3124 and
305 3071 344 3138 S,
351 3070 405 3123 vol.
416 3069 452 3123 iii.
463 3087 489 3139 p.
501 3071 579 3139 779):
600 3071 761 3126 ‘Affirmant
774 3081 881 3126 motum
894 3070 1084 3139 magneticum
1094 3069 1153 3124 sive
1163 3068 1335 3138 congregati-

184 3170 251 3208 vum
263 3152 357 3221 vigere
370 3152 398 3206 in
411 3153 502 3222 astris,
515 3171 549 3208 ex
562 3171 618 3224 quo
631 3153 703 3222 ignis
716 3154 809 3223 ignem
822 3163 921 3208 evocat
934 3165 962 3208 et
975 3153 1094 3208 attollit!

219 3233 239 3265 ¹⁶
257 3238 312 3292 See
327 3238 498 3304 Herodorus,
512 3237 608 3308 i.,179;
629 3238 741 3303 Strabo,
753 3237 805 3291 xvi.
823 3252 833 3291 1
851 3237 917 3306 (Ed.
932 3237 1090 3302 Casaubon,
1103 3253 1131 3305 p.
1145 3234 1225 3304 743);
1246 3236 1333 3306 Pliny,

183 3319 210 3376 ii.
227 3333 275 3389 105
291 3319 375 3389 (109),
390 3329 456 3374 sect.
470 3332 530 3389 235,
551 3321 622 3375 xxiv.
639 3333 670 3386 17
685 3320 770 3390 (101),
787 3329 853 3376 sect.
869 3321 938 3390 1583
960 3319 1114 3374 Plutarch's
1134 3319 1192 3374 Lite
1210 3319 1241 3373 oi
1253 3320 1334 3375 Alex-

181 3403 277 3468 ander,
290 3403 334 3457 ch.
348 3416 391 3472 35.

217 3485 238 3516 ¹⁸
257 3486 328 3540 This
347 3485 522 3556 supposition
541 3486 573 3554 is,
586 3485 619 3541 ol
633 3503 741 3554 course,
754 3486 837 3555 right.
875 3487 926 3557 Cp.
947 3486 1138 3555 Cogitationes
1160 3487 1205 3540 De
1224 3487 1335 3540 Natura

182 3571 295 3638 Rerum,
309 3571 342 3624 E.
356 3571 413 3624 and
428 3572 465 3638 S,
478 3571 531 3624 vol.
545 3570 581 3624 iii.
595 3588 641 3640 pp.
658 3583 699 3640 15,
715 3572 765 3638 16;
785 3571 871 3639 Sylva
884 3569 1041 3640 sylvarum,
1055 3571 1125 3640 Exp.
1141 3571 1202 3638 834.
1240 3570 1273 3623 In
1286 3571 1335 3623 the

181 3655 265 3708 latter
275 3669 404 3723 passage,
413 3654 449 3707 he
460 3671 539 3722 says:
560 3655 602 3708 ‘lt
611 3654 635 3708 is
645 3662 706 3707 true
719 3654 780 3708 that
792 3670 871 3708 some
882 3655 976 3708 woods
986 3653 1019 3709 ol
1027 3670 1154 3722 oranges‚
1163 3653 1220 3708 and
1233 3653 1333 3707 heaths

180 3738 212 3793 ol
222 3753 373 3806 rosemary,
384 3737 438 3791 will
451 3738 529 3792 smell
542 3754 560 3791 a
571 3746 650 3806 great
659 3754 720 3805 way
730 3736 789 3791 into
801 3737 849 3792 the
861 3755 919 3804 sea,
929 3737 1050 3808 perhaps
1063 3746 1166 3806 twenty
1174 3735 1271 3791 miles.'

217 3817 238 3852 ¹⁷
256 3820 326 3874 This
339 3821 363 3874 is
376 3822 511 3890 probably
523 3839 541 3874 a
554 3820 683 3892 misprint
695 3817 737 3874 lor
750 3820 950 3887 aurantiorum,
963 3836 1093 3890 oranges.

216 3903 238 3936 ¹⁸
258 3906 313 3958 Mr.
327 3903 398 3958 Ellis
410 3905 496 3959 refers
509 3915 537 3959 to
551 3904 686 3959 Paradise
700 3905 777 3970 Lost,
790 3904 825 3958 iv.
839 3917 874 3972 99
888 3903 921 3972 (ir
935 3904 1034 3958 should
1048 3904 1083 3958 be
1098 3915 1156 3972 159,
1170 3902 1252 3968 dccl:

774 3987 832 4041 ‘As
851 3987 931 4041 when
950 3995 979 4040 to
997 3987 1079 4041 those
1096 3987 1158 4040 who
1176 3986 1227 4041 sail

286 4071 405 4141 Beyond
425 4071 473 4128 the
493 4073 570 4141 Cape
588 4071 619 4126 ol
635 4073 728 4142 Hope,
747 4071 804 4124 and
823 4087 886 4124 now
904 4087 952 4124 are
971 4080 1034 4139 past

287 4155 454 4223 Mozambic,
476 4154 519 4210 off
532 4165 561 4210 at
579 4173 627 4210 sea
646 4155 825 4209 North-East
844 4154 932 4208 winds
952 4154 1024 4208 blow

287 4239 400 4295 Sabean
420 4239 532 4294 Odours
551 4239 624 4293 from
643 4239 691 4294 the
709 4237 788 4308 spicy
806 4238 888 4294 shore

288 4323 329 4377 Ol
344 4322 447 4377 Arabie
465 4323 513 4378 the
532 4323 611 4391 blest,
631 4322 698 4376 with
717 4322 786 4376 such
805 4321 887 4392 delay

286 4407 361 4461 Well
379 4407 485 4476 pleas’d
502 4407 570 4476 they
588 4407 666 4460 slaclr
684 4405 757 4460 their
774 4421 880 4472 course,
900 4405 957 4458 and
976 4420 1062 4472 many
1079 4421 1097 4458 a
1115 4405 1227 4474 League

288 4489 409 4546 Cheer'd
427 4489 493 4546 with
512 4491 560 4546 the
577 4489 694 4561 grateful
713 4489 793 4545 smell
811 4487 858 4543 old
878 4488 976 4544 Ocean
995 4487 1110 4544 smiles!
