<?xml version="1.0" encoding="UTF-8"?>
<!DOCTYPE html PUBLIC "-//W3C//DTD XHTML 1.0 Transitional//EN"
    "http://www.w3.org/TR/xhtml1/DTD/xhtml1-transitional.dtd">
<html xmlns="http://www.w3.org/1999/xhtml" xml:lang="en" lang="en">
 <head>
  <title>
</title>
<meta http-equiv="Content-Type" content="text/html;charset=utf-8" />
  <meta name='ocr-system' content='tesseract 3.04.00' />
  <meta name='ocr-capabilities' content='ocr_page ocr_carea ocr_par ocr_line ocrx_word'/>
</head>
<body>
  <div class='ocr_page' id='page_1' title='image "./baconsnovumorga00bacogoog/baconsnovumorga00bacogoog_0320.png"; bbox 0 0 3358 5152; ppageno 0'>
   <div class='ocr_carea' id='block_1_1' title="bbox 689 438 1366 528">
    <p class='ocr_par' dir='ltr' id='par_1_1' title="bbox 689 438 1366 528">
     <span class='ocr_line' id='line_1_1' title="bbox 689 438 1366 528; baseline 0.012 -27"><span class='ocrx_word' id='word_1_1' title='bbox 689 447 768 507; x_wconf 72' lang='grc' dir='ltr'>ΗΒ.</span> <span class='ocrx_word' id='word_1_2' title='bbox 792 449 818 503; x_wconf 87' lang='lat' dir='ltr'>J.</span> <span class='ocrx_word' id='word_1_3' title='bbox 844 438 895 525; x_wconf 90' lang='lat'>89.</span> <span class='ocrx_word' id='word_1_4' title='bbox 1306 465 1366 528; x_wconf 85' lang='lat'>291</span> 
     </span>
    </p>
   </div>
   <div class='ocr_carea' id='block_1_2' title="bbox 215 610 1367 1008">
    <p class='ocr_par' dir='ltr' id='par_1_2' title="bbox 215 610 1367 1008">
     <span class='ocr_line' id='line_1_2' title="bbox 217 610 1367 701; baseline 0.008 -27"><span class='ocrx_word' id='word_1_5' title='bbox 217 619 347 695; x_wconf 90' lang='lat' dir='ltr'>patrum</span> <span class='ocrx_word' id='word_1_6' title='bbox 378 610 544 695; x_wconf 85' lang='lat' dir='ltr'>religionis</span> <span class='ocrx_word' id='word_1_7' title='bbox 575 611 781 677; x_wconf 87' lang='lat' dir='ltr'>Christianae</span> <span class='ocrx_word' id='word_1_8' title='bbox 811 626 972 698; x_wconf 89' lang='lat' dir='ltr'>exceptos</span> <span class='ocrx_word' id='word_1_9' title='bbox 1005 615 1103 681; x_wconf 83' lang='lat' dir='ltr'>fuisse</span> <span class='ocrx_word' id='word_1_10' title='bbox 1135 637 1205 692; x_wconf 87' lang='lat' dir='ltr'>eos,</span> <span class='ocrx_word' id='word_1_11' title='bbox 1237 619 1294 701; x_wconf 90' lang='lat' dir='ltr'>qui</span> <span class='ocrx_word' id='word_1_12' title='bbox 1324 641 1367 683; x_wconf 88' lang='lat' dir='ltr'>ex</span> 
     </span>
     <span class='ocr_line' id='line_1_3' title="bbox 217 715 1366 802; baseline 0.007 -23"><span class='ocrx_word' id='word_1_13' title='bbox 217 715 402 780; x_wconf 86' lang='lat' dir='ltr'>certissimis</span> <span class='ocrx_word' id='word_1_14' title='bbox 423 716 758 781; x_wconf 85' lang='lat' dir='ltr'>demonstrationibus</span> <span class='ocrx_word' id='word_1_15' title='bbox 779 716 912 802; x_wconf 91' lang='lat' dir='ltr'>(quibus</span> <span class='ocrx_word' id='word_1_16' title='bbox 931 741 1029 784; x_wconf 92' lang='lat' dir='ltr'>nemo</span> <span class='ocrx_word' id='word_1_17' title='bbox 1049 719 1150 786; x_wconf 93' lang='lat' dir='ltr'>hodie</span> <span class='ocrx_word' id='word_1_18' title='bbox 1170 743 1268 788; x_wconf 90' lang='lat' dir='ltr'>sanus</span> <span class='ocrx_word' id='word_1_19' title='bbox 1288 744 1366 789; x_wconf 90' lang='lat' dir='ltr'>con-</span> 
     </span>
     <span class='ocr_line' id='line_1_4' title="bbox 215 818 1367 908; baseline 0.008 -26"><span class='ocrx_word' id='word_1_20' title='bbox 215 818 401 906; x_wconf 86' lang='lat' dir='ltr'>tradixerit)</span> <span class='ocrx_word' id='word_1_21' title='bbox 420 830 540 884; x_wconf 89' lang='lat' dir='ltr'>terram</span> <span class='ocrx_word' id='word_1_22' title='bbox 564 824 739 885; x_wconf 87' lang='lat' dir='ltr'>rotundam</span> <span class='ocrx_word' id='word_1_23' title='bbox 763 843 833 887; x_wconf 91' lang='lat' dir='ltr'>esse</span> <span class='ocrx_word' id='word_1_24' title='bbox 857 834 1046 907; x_wconf 90' lang='lat' dir='ltr'>posuerunt,</span> <span class='ocrx_word' id='word_1_25' title='bbox 1063 835 1164 908; x_wconf 89' lang='lat' dir='ltr'>atque</span> <span class='ocrx_word' id='word_1_26' title='bbox 1186 847 1231 888; x_wconf 85' lang='lat' dir='ltr'>ex</span> <span class='ocrx_word' id='word_1_27' title='bbox 1254 847 1367 892; x_wconf 92' lang='lat' dir='ltr'>conse·</span> 
     </span>
     <span class='ocr_line' id='line_1_5' title="bbox 216 925 875 1008; baseline 0.002 -20"><span class='ocrx_word' id='word_1_28' title='bbox 216 925 329 1006; x_wconf 88' lang='lat' dir='ltr'>quenti</span> <span class='ocrx_word' id='word_1_29' title='bbox 345 926 520 1008; x_wconf 90' lang='lat' dir='ltr'>antipodas</span> <span class='ocrx_word' id='word_1_30' title='bbox 535 947 606 989; x_wconf 90' lang='lat' dir='ltr'>esse</span> <span class='ocrx_word' id='word_1_31' title='bbox 620 939 828 992; x_wconf 88' lang='lat' dir='ltr'>asseruerunt</span> <span class='ocrx_word' id='word_1_32' title='bbox 838 927 875 989; x_wconf 77' lang='lat'>⁶⁵.</span> 
     </span>
    </p>
   </div>
   <div class='ocr_carea' id='block_1_3' title="bbox 203 1125 1361 4706">
    <p class='ocr_par' dir='ltr' id='par_1_3' title="bbox 211 1125 1240 2030">
     <span class='ocr_line' id='line_1_6' title="bbox 285 1125 1153 1203; baseline 0.006 -22"><span class='ocrx_word' id='word_1_33' title='bbox 285 1129 367 1182; x_wconf 75' lang='grc' dir='ltr'><strong><em>καίτοι</em></strong></span> <span class='ocrx_word' id='word_1_34' title='bbox 384 1127 512 1198; x_wconf 75' lang='grc' dir='ltr'><strong><em>πρότερον</em></strong></span> <span class='ocrx_word' id='word_1_35' title='bbox 529 1129 574 1182; x_wconf 78' lang='grc' dir='ltr'>τὸν</span> <span class='ocrx_word' id='word_1_36' title='bbox 592 1125 633 1182; x_wconf 81' lang='grc' dir='ltr'>Δί’</span> <span class='ocrx_word' id='word_1_37' title='bbox 651 1129 754 1198; x_wconf 73' lang='grc' dir='ltr'><strong><em>ἀληθῶς</em></strong></span> <span class='ocrx_word' id='word_1_38' title='bbox 771 1125 845 1202; x_wconf 73' lang='grc' dir='ltr'><strong><em>ᾅμγν</em></strong></span> <span class='ocrx_word' id='word_1_39' title='bbox 863 1131 904 1184; x_wconf 77' lang='grc' dir='ltr'>διὰ</span> <span class='ocrx_word' id='word_1_40' title='bbox 923 1132 1043 1186; x_wconf 74' lang='grc' dir='ltr'>κοσκίνου</span> <span class='ocrx_word' id='word_1_41' title='bbox 1061 1132 1153 1203; x_wconf 75' lang='grc' dir='ltr'><strong><em>οὐρεῖν.</em></strong></span> 
     </span>
     <span class='ocr_line' id='line_1_7' title="bbox 284 1207 1240 1286; baseline 0.006 -20"><span class='ocrx_word' id='word_1_42' title='bbox 284 1207 344 1266; x_wconf 74' lang='grc' dir='ltr'>ἀλλ’</span> <span class='ocrx_word' id='word_1_43' title='bbox 363 1210 437 1265; x_wconf 87' lang='grc' dir='ltr'><strong><em>ὅστις</em></strong></span> <span class='ocrx_word' id='word_1_44' title='bbox 455 1213 469 1264; x_wconf 88' lang='lat' dir='ltr'>d</span> <span class='ocrx_word' id='word_1_45' title='bbox 487 1213 604 1282; x_wconf 83' lang='grc' dir='ltr'><strong><em>βροντῶν</em></strong></span> <span class='ocrx_word' id='word_1_46' title='bbox 621 1211 679 1266; x_wconf 82' lang='grc' dir='ltr'><strong><em>ε’στι</em></strong></span> <span class='ocrx_word' id='word_1_47' title='bbox 698 1213 813 1283; x_wconf 77' lang='grc' dir='ltr'><strong><em>φράσον·</em></strong></span> <span class='ocrx_word' id='word_1_48' title='bbox 830 1215 908 1268; x_wconf 79' lang='grc' dir='ltr'><strong><em>τοῦτό</em></strong></span> <span class='ocrx_word' id='word_1_49' title='bbox 926 1235 958 1283; x_wconf 86' lang='grc' dir='ltr'>με</span> <span class='ocrx_word' id='word_1_50' title='bbox 975 1217 1044 1270; x_wconf 86' lang='grc' dir='ltr'><strong><em>ποιεῖ</em></strong></span> <span class='ocrx_word' id='word_1_51' title='bbox 1060 1214 1240 1286; x_wconf 70' lang='grc' dir='ltr'><strong><em>τετρεμαίνειν.</em></strong></span> 
     </span>
     <span class='ocr_line' id='line_1_8' title="bbox 215 1292 811 1365; baseline 0.005 -18"><span class='ocrx_word' id='word_1_52' title='bbox 215 1301 266 1348; x_wconf 83' lang='grc' dir='ltr'>ΣΩ.</span> <span class='ocrx_word' id='word_1_53' title='bbox 284 1292 359 1348; x_wconf 75' lang='grc' dir='ltr'><strong><em>αὗται</em></strong></span> <span class='ocrx_word' id='word_1_54' title='bbox 376 1295 509 1364; x_wconf 78' lang='grc' dir='ltr'><strong><em>βροντῶσι</em></strong></span> <span class='ocrx_word' id='word_1_55' title='bbox 527 1295 714 1365; x_wconf 82' lang='grc' dir='ltr'><strong><em>κυλινδόμεναι.</em></strong></span> <span class='ocrx_word' id='word_1_56' title='bbox 808 1341 811 1349; x_wconf 95' lang='grc'><strong><em>.</em></strong></span> 
     </span>
     <span class='ocr_line' id='line_1_9' title="bbox 214 1379 1203 1453; baseline 0.006 -23"><span class='ocrx_word' id='word_1_57' title='bbox 214 1383 262 1432; x_wconf 78' lang='grc' dir='ltr'>ΣΤ.</span> <span class='ocrx_word' id='word_1_58' title='bbox 723 1380 759 1451; x_wconf 78' lang='grc' dir='ltr'>τῷ</span> <span class='ocrx_word' id='word_1_59' title='bbox 777 1381 874 1453; x_wconf 76' lang='grc' dir='ltr'><strong><em>τρόπῳ,</em></strong></span> <span class='ocrx_word' id='word_1_60' title='bbox 892 1379 912 1435; x_wconf 74' lang='lat' dir='ltr'>d</span> <span class='ocrx_word' id='word_1_61' title='bbox 930 1381 1013 1436; x_wconf 82' lang='grc' dir='ltr'><strong><em>πάντα</em></strong></span> <span class='ocrx_word' id='word_1_62' title='bbox 1032 1381 1067 1436; x_wconf 75' lang='lat' dir='ltr'>nni</span> <span class='ocrx_word' id='word_1_63' title='bbox 1084 1383 1203 1452; x_wconf 83' lang='grc' dir='ltr'><strong><em>τολμῶν;</em></strong></span> 
     </span>
     <span class='ocr_line' id='line_1_10' title="bbox 213 1459 1139 1535; baseline 0.005 -21"><span class='ocrx_word' id='word_1_64' title='bbox 213 1467 263 1517; x_wconf 71' lang='lat' dir='ltr'>m</span> <span class='ocrx_word' id='word_1_65' title='bbox 284 1461 346 1516; x_wconf 81' lang='grc' dir='ltr'><strong><em>ὅταν</em></strong></span> <span class='ocrx_word' id='word_1_66' title='bbox 363 1459 535 1530; x_wconf 79' lang='grc' dir='ltr'><strong><em>ε’μπλγσθῶσ’</em></strong></span> <span class='ocrx_word' id='word_1_67' title='bbox 553 1459 646 1516; x_wconf 75' lang='grc' dir='ltr'><strong><em>ὕδατος</em></strong></span> <span class='ocrx_word' id='word_1_68' title='bbox 663 1465 766 1518; x_wconf 81' lang='grc' dir='ltr'><strong><em>πολλοῦ</em></strong></span> <span class='ocrx_word' id='word_1_69' title='bbox 785 1463 983 1533; x_wconf 75' lang='grc' dir='ltr'><strong><em>κάναγκασθῶσι</em></strong></span> <span class='ocrx_word' id='word_1_70' title='bbox 1001 1464 1139 1535; x_wconf 76' lang='grc' dir='ltr'><strong><em>φέρεσθαι,</em></strong></span> 
     </span>
     <span class='ocr_line' id='line_1_11' title="bbox 282 1544 1139 1620; baseline 0.007 -23"><span class='ocrx_word' id='word_1_71' title='bbox 282 1547 516 1616; x_wconf 72' lang='grc' dir='ltr'><strong><em>κατακρημνάμεναι</em></strong></span> <span class='ocrx_word' id='word_1_72' title='bbox 532 1544 640 1616; x_wconf 74' lang='grc' dir='ltr'><strong><em>πλήρεις</em></strong></span> <span class='ocrx_word' id='word_1_73' title='bbox 657 1547 758 1616; x_wconf 76' lang='grc' dir='ltr'><strong><em>ὄμβρον</em></strong></span> <span class='ocrx_word' id='word_1_74' title='bbox 777 1545 810 1602; x_wconf 83' lang='grc' dir='ltr'>δι’</span> <span class='ocrx_word' id='word_1_75' title='bbox 827 1547 946 1620; x_wconf 78' lang='grc' dir='ltr'><strong><em>ἀνάγκην,</em></strong></span> <span class='ocrx_word' id='word_1_76' title='bbox 965 1545 1019 1603; x_wconf 78' lang='grc' dir='ltr'><strong><em>εἶτα</em></strong></span> <span class='ocrx_word' id='word_1_77' title='bbox 1036 1551 1139 1618; x_wconf 83' lang='grc' dir='ltr'><strong><em>βαρεῖαι</em></strong></span> 
     </span>
     <span class='ocr_line' id='line_1_12' title="bbox 282 1628 1045 1703; baseline 0.007 -21"><span class='ocrx_word' id='word_1_78' title='bbox 282 1628 319 1684; x_wconf 75' lang='grc' dir='ltr'>εἷς</span> <span class='ocrx_word' id='word_1_79' title='bbox 336 1629 453 1698; x_wconf 71' lang='grc' dir='ltr'><strong><em>ἆλλῖγλας</em></strong></span> <span class='ocrx_word' id='word_1_80' title='bbox 470 1629 645 1700; x_wconf 70' lang='grc' dir='ltr'><strong><em>ἐμπίπτουσαι</em></strong></span> <span class='ocrx_word' id='word_1_81' title='bbox 661 1629 799 1703; x_wconf 70' lang='grc' dir='ltr'><strong><em>ῥήγνυνται</em></strong></span> <span class='ocrx_word' id='word_1_82' title='bbox 816 1633 857 1686; x_wconf 81' lang='grc' dir='ltr'><strong><em>καὶ</em></strong></span> <span class='ocrx_word' id='word_1_83' title='bbox 875 1635 1045 1702; x_wconf 79' lang='grc' dir='ltr'><strong><em>παταγοῦσιν.</em></strong></span> 
     </span>
     <span class='ocr_line' id='line_1_13' title="bbox 211 1711 1169 1787; baseline 0.003 -21"><span class='ocrx_word' id='word_1_84' title='bbox 211 1718 260 1766; x_wconf 76' lang='grc' dir='ltr'>ΣΤ.</span> <span class='ocrx_word' id='word_1_85' title='bbox 278 1713 293 1766; x_wconf 85' lang='grc' dir='ltr'>ὀ</span> <span class='ocrx_word' id='word_1_86' title='bbox 312 1711 335 1766; x_wconf 72' lang='grc' dir='ltr'>β’</span> <span class='ocrx_word' id='word_1_87' title='bbox 352 1712 501 1782; x_wconf 75' lang='grc' dir='ltr'><strong><em>ἀναγκάζων</em></strong></span> <span class='ocrx_word' id='word_1_88' title='bbox 518 1713 575 1768; x_wconf 80' lang='grc' dir='ltr'><strong><em>ι’στῖ</em></strong></span> <span class='ocrx_word' id='word_1_89' title='bbox 593 1715 631 1770; x_wconf 86' lang='grc' dir='ltr'>τῖς</span> <span class='ocrx_word' id='word_1_90' title='bbox 643 1715 727 1781; x_wconf 75' lang='grc' dir='ltr'><strong><em>αὐτάς,</em></strong></span> <span class='ocrx_word' id='word_1_91' title='bbox 747 1715 797 1786; x_wconf 81' lang='grc' dir='ltr'>οὐχ</span> <span class='ocrx_word' id='word_1_92' title='bbox 815 1717 830 1768; x_wconf 82' lang='lat' dir='ltr'>d</span> <span class='ocrx_word' id='word_1_93' title='bbox 847 1713 917 1784; x_wconf 80' lang='grc' dir='ltr'><strong><em>Ζειῖς,</em></strong></span> <span class='ocrx_word' id='word_1_94' title='bbox 935 1718 1004 1772; x_wconf 69' lang='grc' dir='ltr'><strong><em>ὥστε</em></strong></span> <span class='ocrx_word' id='word_1_95' title='bbox 1022 1715 1169 1787; x_wconf 69' lang='grc' dir='ltr'><strong><em>φέρεσθαις</em></strong></span> 
     </span>
     <span class='ocr_line' id='line_1_14' title="bbox 213 1793 680 1868; baseline 0.009 -20"><span class='ocrx_word' id='word_1_96' title='bbox 213 1802 263 1850; x_wconf 84' lang='grc' dir='ltr'>ΣΩ.</span> <span class='ocrx_word' id='word_1_97' title='bbox 282 1793 375 1865; x_wconf 79' lang='grc' dir='ltr'><strong><em>ἥκιστ’,</em></strong></span> <span class='ocrx_word' id='word_1_98' title='bbox 394 1795 455 1850; x_wconf 71' lang='grc' dir='ltr'>ἄλλ’</span> <span class='ocrx_word' id='word_1_99' title='bbox 474 1797 585 1868; x_wconf 70' lang='grc' dir='ltr'><strong><em>αἰθέριος</em></strong></span> <span class='ocrx_word' id='word_1_100' title='bbox 603 1798 680 1854; x_wconf 83' lang='grc' dir='ltr'><strong><em>δῖνος.</em></strong></span> 
     </span>
     <span class='ocr_line' id='line_1_15' title="bbox 212 1881 1051 1954; baseline 0.004 -22"><span class='ocrx_word' id='word_1_101' title='bbox 212 1886 282 1942; x_wconf 75' lang='grc' dir='ltr'><strong><em>ΣΤ.,</em></strong></span> <span class='ocrx_word' id='word_1_102' title='bbox 685 1884 762 1938; x_wconf 90' lang='grc' dir='ltr'><strong><em>Δῖνος</em></strong></span> <span class='ocrx_word' id='word_1_103' title='bbox 770 1903 779 1947; x_wconf 75' lang='lat'>3</span> <span class='ocrx_word' id='word_1_104' title='bbox 799 1883 870 1938; x_wconf 84' lang='grc' dir='ltr'><strong><em>τοντῖ</em></strong></span> <span class='ocrx_word' id='word_1_105' title='bbox 887 1881 914 1954; x_wconf 86' lang='grc' dir='ltr'>μ’</span> <span class='ocrx_word' id='word_1_106' title='bbox 931 1882 1051 1952; x_wconf 70' lang='grc' dir='ltr'><strong><em>ε’λελὴθιγ,</em></strong></span> 
     </span>
     <span class='ocr_line' id='line_1_16' title="bbox 282 1963 1090 2030; baseline 0.005 -14"><span class='ocrx_word' id='word_1_107' title='bbox 282 1965 296 2016; x_wconf 88' lang='lat' dir='ltr'>d</span> <span class='ocrx_word' id='word_1_108' title='bbox 315 1963 377 2019; x_wconf 82' lang='grc' dir='ltr'><strong><em>Ζεὺς</em></strong></span> <span class='ocrx_word' id='word_1_109' title='bbox 395 1965 440 2018; x_wconf 73' lang='grc' dir='ltr'>οὐκ</span> <span class='ocrx_word' id='word_1_110' title='bbox 458 1963 501 2030; x_wconf 71' lang='grc' dir='ltr'><strong><em>ὢν,</em></strong></span> <span class='ocrx_word' id='word_1_111' title='bbox 519 1963 580 2018; x_wconf 73' lang='grc' dir='ltr'>ἄλλ’</span> <span class='ocrx_word' id='word_1_112' title='bbox 599 1963 651 2020; x_wconf 75' lang='grc' dir='ltr'><strong><em>ἀντ’</em></strong></span> <span class='ocrx_word' id='word_1_113' title='bbox 670 1965 748 2019; x_wconf 76' lang='grc' dir='ltr'><strong><em>αὐτοῦ</em></strong></span> <span class='ocrx_word' id='word_1_114' title='bbox 767 1969 843 2022; x_wconf 89' lang='grc' dir='ltr'><strong><em>Δῖνος</em></strong></span> <span class='ocrx_word' id='word_1_115' title='bbox 861 1968 914 2020; x_wconf 77' lang='grc' dir='ltr'><strong><em>νυνὶ</em></strong></span> <span class='ocrx_word' id='word_1_116' title='bbox 932 1966 1090 2030; x_wconf 82' lang='grc' dir='ltr'><strong><em>βασιλιὺων.</em></strong></span> 
     </span>
    </p>

    <p class='ocr_par' dir='ltr' id='par_1_4' title="bbox 210 2046 1360 2205">
     <span class='ocr_line' id='line_1_17' title="bbox 247 2046 1360 2120; baseline 0.003 -18"><span class='ocrx_word' id='word_1_117' title='bbox 247 2047 311 2103; x_wconf 90' lang='lat' dir='ltr'>One</span> <span class='ocrx_word' id='word_1_118' title='bbox 323 2046 355 2103; x_wconf 85' lang='lat' dir='ltr'>of</span> <span class='ocrx_word' id='word_1_119' title='bbox 367 2049 415 2103; x_wconf 89' lang='lat' dir='ltr'>the</span> <span class='ocrx_word' id='word_1_120' title='bbox 431 2047 541 2104; x_wconf 87' lang='lat' dir='ltr'>articles</span> <span class='ocrx_word' id='word_1_121' title='bbox 559 2049 588 2104; x_wconf 89' lang='lat' dir='ltr'>in</span> <span class='ocrx_word' id='word_1_122' title='bbox 607 2050 655 2104; x_wconf 95' lang='lat' dir='ltr'>the</span> <span class='ocrx_word' id='word_1_123' title='bbox 673 2049 840 2106; x_wconf 88' lang='lat' dir='ltr'>indictment</span> <span class='ocrx_word' id='word_1_124' title='bbox 850 2050 960 2120; x_wconf 89' lang='lat' dir='ltr'>against</span> <span class='ocrx_word' id='word_1_125' title='bbox 972 2053 1103 2106; x_wconf 88' lang='lat' dir='ltr'>Socrates</span> <span class='ocrx_word' id='word_1_126' title='bbox 1116 2067 1173 2104; x_wconf 85' lang='lat' dir='ltr'>was</span> <span class='ocrx_word' id='word_1_127' title='bbox 1186 2049 1246 2104; x_wconf 88' lang='lat' dir='ltr'>that</span> <span class='ocrx_word' id='word_1_128' title='bbox 1263 2049 1299 2105; x_wconf 87' lang='lat' dir='ltr'>he</span> <span class='ocrx_word' id='word_1_129' title='bbox 1312 2047 1360 2105; x_wconf 91' lang='lat' dir='ltr'>did</span> 
     </span>
     <span class='ocr_line' id='line_1_18' title="bbox 210 2130 959 2205; baseline 0.007 -21"><span class='ocrx_word' id='word_1_130' title='bbox 210 2139 259 2184; x_wconf 88' lang='lat' dir='ltr'>not</span> <span class='ocrx_word' id='word_1_131' title='bbox 274 2130 409 2202; x_wconf 88' lang='lat' dir='ltr'>‘worship</span> <span class='ocrx_word' id='word_1_132' title='bbox 422 2133 470 2187; x_wconf 90' lang='lat' dir='ltr'>the</span> <span class='ocrx_word' id='word_1_133' title='bbox 481 2133 561 2188; x_wconf 89' lang='lat' dir='ltr'>Gods</span> <span class='ocrx_word' id='word_1_134' title='bbox 574 2134 665 2188; x_wconf 87' lang='lat' dir='ltr'>whom</span> <span class='ocrx_word' id='word_1_135' title='bbox 678 2135 725 2189; x_wconf 93' lang='lat' dir='ltr'>the</span> <span class='ocrx_word' id='word_1_136' title='bbox 738 2135 795 2204; x_wconf 85' lang='lat' dir='ltr'>city</span> <span class='ocrx_word' id='word_1_137' title='bbox 808 2133 959 2205; x_wconf 89' lang='lat' dir='ltr'>worships.’</span> 
     </span>
    </p>

    <p class='ocr_par' dir='ltr' id='par_1_5' title="bbox 203 2210 1361 4456">
     <span class='ocr_line' id='line_1_19' title="bbox 246 2210 1360 2288; baseline 0.003 -19"><span class='ocrx_word' id='word_1_138' title='bbox 246 2210 268 2244; x_wconf 77' lang='lat'>‘⁶</span> <span class='ocrx_word' id='word_1_139' title='bbox 287 2215 340 2285; x_wconf 88' lang='lat' dir='ltr'>Cp.</span> <span class='ocrx_word' id='word_1_140' title='bbox 351 2216 541 2286; x_wconf 86' lang='lat' dir='ltr'>Campanella‚</span> <span class='ocrx_word' id='word_1_141' title='bbox 553 2217 680 2287; x_wconf 90' lang='lat' dir='ltr'>Metaph.</span> <span class='ocrx_word' id='word_1_142' title='bbox 692 2218 738 2272; x_wconf 91' lang='lat' dir='ltr'>lib.</span> <span class='ocrx_word' id='word_1_143' title='bbox 748 2218 765 2272; x_wconf 92' lang='lat' dir='ltr'>i.</span> <span class='ocrx_word' id='word_1_144' title='bbox 777 2219 885 2273; x_wconf 89' lang='lat' dir='ltr'>Proern.</span> <span class='ocrx_word' id='word_1_145' title='bbox 897 2236 904 2272; x_wconf 95' lang='lat'>:</span> <span class='ocrx_word' id='word_1_146' title='bbox 924 2218 969 2274; x_wconf 89' lang='lat' dir='ltr'>‘S.</span> <span class='ocrx_word' id='word_1_147' title='bbox 978 2215 1152 2288; x_wconf 82' lang='lat' dir='ltr'>Augustinus</span> <span class='ocrx_word' id='word_1_148' title='bbox 1161 2227 1188 2271; x_wconf 91' lang='lat' dir='ltr'>et</span> <span class='ocrx_word' id='word_1_149' title='bbox 1198 2216 1360 2272; x_wconf 88' lang='lat' dir='ltr'>Lactantius</span> 
     </span>
     <span class='ocr_line' id='line_1_20' title="bbox 211 2299 1359 2371; baseline 0.004 -21"><span class='ocrx_word' id='word_1_150' title='bbox 211 2307 313 2366; x_wconf 87' lang='lat' dir='ltr'>negant</span> <span class='ocrx_word' id='word_1_151' title='bbox 326 2316 388 2353; x_wconf 92' lang='lat' dir='ltr'>esse</span> <span class='ocrx_word' id='word_1_152' title='bbox 401 2300 568 2370; x_wconf 88' lang='lat' dir='ltr'>Antipodas‚</span> <span class='ocrx_word' id='word_1_153' title='bbox 577 2299 710 2370; x_wconf 91' lang='lat' dir='ltr'>quoniam</span> <span class='ocrx_word' id='word_1_154' title='bbox 723 2301 852 2371; x_wconf 83' lang='lat' dir='ltr'>ignorant</span> <span class='ocrx_word' id='word_1_155' title='bbox 867 2301 1109 2368; x_wconf 87' lang='lat' dir='ltr'>Mathematicam,</span> <span class='ocrx_word' id='word_1_156' title='bbox 1120 2311 1147 2356; x_wconf 92' lang='lat' dir='ltr'>et</span> <span class='ocrx_word' id='word_1_157' title='bbox 1159 2300 1257 2370; x_wconf 87' lang='lat' dir='ltr'>vulgus</span> <span class='ocrx_word' id='word_1_158' title='bbox 1273 2301 1359 2356; x_wconf 86' lang='lat' dir='ltr'>solem</span> 
     </span>
     <span class='ocr_line' id='line_1_21' title="bbox 211 2383 1358 2453; baseline 0.003 -19"><span class='ocrx_word' id='word_1_159' title='bbox 211 2390 290 2450; x_wconf 91' lang='lat' dir='ltr'>putat</span> <span class='ocrx_word' id='word_1_160' title='bbox 308 2399 371 2438; x_wconf 90' lang='lat' dir='ltr'>esse</span> <span class='ocrx_word' id='word_1_161' title='bbox 389 2383 536 2452; x_wconf 87' lang='lat' dir='ltr'>pedalem‚’</span> <span class='ocrx_word' id='word_1_162' title='bbox 554 2384 604 2439; x_wconf 81' lang='lat' dir='ltr'>&amp;c</span> <span class='ocrx_word' id='word_1_163' title='bbox 642 2387 696 2440; x_wconf 90' lang='lat' dir='ltr'>See</span> <span class='ocrx_word' id='word_1_164' title='bbox 715 2386 889 2453; x_wconf 89' lang='lat' dir='ltr'>Lactantius,</span> <span class='ocrx_word' id='word_1_165' title='bbox 904 2385 1025 2441; x_wconf 86' lang='lat' dir='ltr'>Divinae</span> <span class='ocrx_word' id='word_1_166' title='bbox 1045 2384 1248 2450; x_wconf 87' lang='lat' dir='ltr'>Institutiones,</span> <span class='ocrx_word' id='word_1_167' title='bbox 1261 2385 1307 2438; x_wconf 92' lang='lat' dir='ltr'>lib.</span> <span class='ocrx_word' id='word_1_168' title='bbox 1321 2383 1358 2439; x_wconf 91' lang='lat' dir='ltr'>iii.</span> 
     </span>
     <span class='ocr_line' id='line_1_22' title="bbox 211 2465 1357 2539; baseline 0.004 -20"><span class='ocrx_word' id='word_1_169' title='bbox 211 2481 272 2534; x_wconf 89' lang='lat' dir='ltr'>cap.</span> <span class='ocrx_word' id='word_1_170' title='bbox 285 2479 336 2530; x_wconf 84' lang='lat'>24:</span> <span class='ocrx_word' id='word_1_171' title='bbox 357 2465 449 2535; x_wconf 87' lang='lat' dir='ltr'>‘Quid</span> <span class='ocrx_word' id='word_1_172' title='bbox 463 2466 510 2534; x_wconf 86' lang='lat' dir='ltr'>illi,</span> <span class='ocrx_word' id='word_1_173' title='bbox 523 2467 569 2537; x_wconf 91' lang='lat' dir='ltr'>qui</span> <span class='ocrx_word' id='word_1_174' title='bbox 582 2485 644 2524; x_wconf 89' lang='lat' dir='ltr'>esse</span> <span class='ocrx_word' id='word_1_175' title='bbox 657 2469 810 2524; x_wconf 89' lang='lat' dir='ltr'>contrarios</span> <span class='ocrx_word' id='word_1_176' title='bbox 818 2469 943 2539; x_wconf 81' lang='lat' dir='ltr'>vestigiis</span> <span class='ocrx_word' id='word_1_177' title='bbox 954 2468 1058 2524; x_wconf 90' lang='lat' dir='ltr'>nostris</span> <span class='ocrx_word' id='word_1_178' title='bbox 1070 2468 1228 2538; x_wconf 87' lang='lat' dir='ltr'>Antipodas</span> <span class='ocrx_word' id='word_1_179' title='bbox 1241 2478 1339 2538; x_wconf 88' lang='lat' dir='ltr'>putant</span> <span class='ocrx_word' id='word_1_180' title='bbox 1350 2486 1357 2536; x_wconf 85' lang='lat'>3</span> 
     </span>
     <span class='ocr_line' id='line_1_23' title="bbox 211 2549 1359 2623; baseline 0.006 -23"><span class='ocrx_word' id='word_1_181' title='bbox 211 2564 278 2602; x_wconf 90' lang='lat' dir='ltr'>num</span> <span class='ocrx_word' id='word_1_182' title='bbox 297 2549 403 2620; x_wconf 90' lang='lat' dir='ltr'>aliquid</span> <span class='ocrx_word' id='word_1_183' title='bbox 421 2551 590 2620; x_wconf 84' lang='lat' dir='ltr'>loquuntur?</span> <span class='ocrx_word' id='word_1_184' title='bbox 613 2561 662 2606; x_wconf 91' lang='lat' dir='ltr'>aut</span> <span class='ocrx_word' id='word_1_185' title='bbox 679 2562 722 2607; x_wconf 88' lang='lat' dir='ltr'>est</span> <span class='ocrx_word' id='word_1_186' title='bbox 740 2552 887 2622; x_wconf 87' lang='lat' dir='ltr'>quisquam</span> <span class='ocrx_word' id='word_1_187' title='bbox 905 2563 965 2608; x_wconf 89' lang='lat' dir='ltr'>tam</span> <span class='ocrx_word' id='word_1_188' title='bbox 984 2553 1102 2623; x_wconf 88' lang='lat' dir='ltr'>ineptus,</span> <span class='ocrx_word' id='word_1_189' title='bbox 1115 2551 1161 2622; x_wconf 93' lang='lat' dir='ltr'>qui</span> <span class='ocrx_word' id='word_1_190' title='bbox 1181 2551 1278 2606; x_wconf 88' lang='lat' dir='ltr'>credat</span> <span class='ocrx_word' id='word_1_191' title='bbox 1296 2569 1359 2607; x_wconf 86' lang='lat' dir='ltr'>esse</span> 
     </span>
     <span class='ocr_line' id='line_1_24' title="bbox 212 2631 1357 2706; baseline 0.005 -22"><span class='ocrx_word' id='word_1_192' title='bbox 212 2631 347 2698; x_wconf 88' lang='lat' dir='ltr'>homines,</span> <span class='ocrx_word' id='word_1_193' title='bbox 360 2649 478 2703; x_wconf 89' lang='lat' dir='ltr'>quorum</span> <span class='ocrx_word' id='word_1_194' title='bbox 491 2633 609 2703; x_wconf 87' lang='lat' dir='ltr'>vestigia</span> <span class='ocrx_word' id='word_1_195' title='bbox 627 2634 681 2689; x_wconf 90' lang='lat' dir='ltr'>sint</span> <span class='ocrx_word' id='word_1_196' title='bbox 700 2635 841 2705; x_wconf 86' lang='lat' dir='ltr'>superiora</span> <span class='ocrx_word' id='word_1_197' title='bbox 853 2653 939 2706; x_wconf 88' lang='lat' dir='ltr'>quam</span> <span class='ocrx_word' id='word_1_198' title='bbox 951 2635 1062 2705; x_wconf 80' lang='lat' dir='ltr'>capita?</span> <span class='ocrx_word' id='word_1_199' title='bbox 1081 2645 1128 2690; x_wconf 92' lang='lat' dir='ltr'>aut</span> <span class='ocrx_word' id='word_1_200' title='bbox 1145 2634 1184 2688; x_wconf 92' lang='lat' dir='ltr'>ibi</span> <span class='ocrx_word' id='word_1_201' title='bbox 1198 2651 1270 2706; x_wconf 85' lang='lat' dir='ltr'>quae</span> <span class='ocrx_word' id='word_1_202' title='bbox 1282 2635 1357 2705; x_wconf 91' lang='lat' dir='ltr'>apud</span> 
     </span>
     <span class='ocr_line' id='line_1_25' title="bbox 210 2714 1358 2788; baseline 0.003 -18"><span class='ocrx_word' id='word_1_203' title='bbox 210 2731 261 2770; x_wconf 89' lang='lat' dir='ltr'>nos</span> <span class='ocrx_word' id='word_1_204' title='bbox 276 2714 379 2786; x_wconf 87' lang='lat' dir='ltr'>jacent,</span> <span class='ocrx_word' id='word_1_205' title='bbox 394 2716 505 2772; x_wconf 90' lang='lat' dir='ltr'>inversa</span> <span class='ocrx_word' id='word_1_206' title='bbox 523 2717 666 2788; x_wconf 86' lang='lat' dir='ltr'>pendere?</span> <span class='ocrx_word' id='word_1_207' title='bbox 682 2718 776 2788; x_wconf 81' lang='lat' dir='ltr'>fruges</span> <span class='ocrx_word' id='word_1_208' title='bbox 789 2729 817 2773; x_wconf 91' lang='lat' dir='ltr'>et</span> <span class='ocrx_word' id='word_1_209' title='bbox 829 2720 943 2774; x_wconf 90' lang='lat' dir='ltr'>arbores</span> <span class='ocrx_word' id='word_1_210' title='bbox 961 2720 1091 2773; x_wconf 89' lang='lat' dir='ltr'>deorsum</span> <span class='ocrx_word' id='word_1_211' title='bbox 1103 2735 1199 2774; x_wconf 85' lang='lat' dir='ltr'>versus</span> <span class='ocrx_word' id='word_1_212' title='bbox 1212 2721 1358 2774; x_wconf 78' lang='lat' dir='ltr'>crescere?</span> 
     </span>
     <span class='ocr_line' id='line_1_26' title="bbox 210 2798 1357 2870; baseline 0.004 -18"><span class='ocrx_word' id='word_1_213' title='bbox 210 2798 326 2869; x_wconf 87' lang='lat' dir='ltr'>pluvias,</span> <span class='ocrx_word' id='word_1_214' title='bbox 345 2809 372 2854; x_wconf 90' lang='lat' dir='ltr'>et</span> <span class='ocrx_word' id='word_1_215' title='bbox 394 2801 481 2866; x_wconf 82' lang='lat' dir='ltr'>nives,</span> <span class='ocrx_word' id='word_1_216' title='bbox 499 2811 528 2856; x_wconf 86' lang='lat' dir='ltr'>et</span> <span class='ocrx_word' id='word_1_217' title='bbox 548 2800 712 2870; x_wconf 87' lang='lat' dir='ltr'>grandinem</span> <span class='ocrx_word' id='word_1_218' title='bbox 735 2819 845 2857; x_wconf 90' lang='lat' dir='ltr'>sursum</span> <span class='ocrx_word' id='word_1_219' title='bbox 865 2820 963 2858; x_wconf 86' lang='lat' dir='ltr'>versus</span> <span class='ocrx_word' id='word_1_220' title='bbox 988 2802 1088 2858; x_wconf 85' lang='lat' dir='ltr'>cadere</span> <span class='ocrx_word' id='word_1_221' title='bbox 1109 2802 1138 2856; x_wconf 86' lang='lat' dir='ltr'>in</span> <span class='ocrx_word' id='word_1_222' title='bbox 1159 2804 1283 2856; x_wconf 79' lang='lat' dir='ltr'>terram?</span> <span class='ocrx_word' id='word_1_223' title='bbox 1319 2803 1357 2857; x_wconf 92' lang='lat' dir='ltr'>Et</span> 
     </span>
     <span class='ocr_line' id='line_1_27' title="bbox 209 2882 1357 2956; baseline 0.005 -21"><span class='ocrx_word' id='word_1_224' title='bbox 209 2882 325 2938; x_wconf 87' lang='lat' dir='ltr'>miratur</span> <span class='ocrx_word' id='word_1_225' title='bbox 336 2883 436 2954; x_wconf 89' lang='lat' dir='ltr'>aliquis</span> <span class='ocrx_word' id='word_1_226' title='bbox 450 2885 544 2940; x_wconf 90' lang='lat' dir='ltr'>hortos</span> <span class='ocrx_word' id='word_1_227' title='bbox 557 2885 678 2956; x_wconf 87' lang='lat' dir='ltr'>pensiles</span> <span class='ocrx_word' id='word_1_228' title='bbox 691 2884 763 2940; x_wconf 88' lang='lat' dir='ltr'>inter</span> <span class='ocrx_word' id='word_1_229' title='bbox 775 2895 883 2955; x_wconf 89' lang='lat' dir='ltr'>septem</span> <span class='ocrx_word' id='word_1_230' title='bbox 896 2885 966 2940; x_wconf 87' lang='lat' dir='ltr'>mira</span> <span class='ocrx_word' id='word_1_231' title='bbox 979 2886 1084 2940; x_wconf 89' lang='lat' dir='ltr'>narrari</span> <span class='ocrx_word' id='word_1_232' title='bbox 1095 2903 1102 2954; x_wconf 90' lang='lat'><strong>;</strong></span> <span class='ocrx_word' id='word_1_233' title='bbox 1121 2901 1185 2941; x_wconf 89' lang='lat' dir='ltr'>cum</span> <span class='ocrx_word' id='word_1_234' title='bbox 1197 2883 1357 2956; x_wconf 87' lang='lat' dir='ltr'>philosophi</span> 
     </span>
     <span class='ocr_line' id='line_1_28' title="bbox 209 2967 1356 3039; baseline 0.003 -19"><span class='ocrx_word' id='word_1_235' title='bbox 209 2975 238 3020; x_wconf 88' lang='lat' dir='ltr'>et</span> <span class='ocrx_word' id='word_1_236' title='bbox 261 2983 352 3035; x_wconf 84' lang='lat' dir='ltr'>agros,</span> <span class='ocrx_word' id='word_1_237' title='bbox 376 2976 404 3022; x_wconf 89' lang='lat' dir='ltr'>et</span> <span class='ocrx_word' id='word_1_238' title='bbox 428 2967 526 3036; x_wconf 87' lang='lat' dir='ltr'>maria,</span> <span class='ocrx_word' id='word_1_239' title='bbox 551 2978 579 3023; x_wconf 92' lang='lat' dir='ltr'>et</span> <span class='ocrx_word' id='word_1_240' title='bbox 601 2969 692 3034; x_wconf 90' lang='lat' dir='ltr'>urbes,</span> <span class='ocrx_word' id='word_1_241' title='bbox 717 2979 746 3023; x_wconf 88' lang='lat' dir='ltr'>et</span> <span class='ocrx_word' id='word_1_242' title='bbox 766 2978 878 3024; x_wconf 90' lang='lat' dir='ltr'>montes</span> <span class='ocrx_word' id='word_1_243' title='bbox 902 2969 1023 3039; x_wconf 89' lang='lat' dir='ltr'>pensiles</span> <span class='ocrx_word' id='word_1_244' title='bbox 1047 2969 1182 3024; x_wconf 65' lang='lat' dir='ltr'>faciant?</span> <span class='ocrx_word' id='word_1_245' title='bbox 1221 2970 1267 3024; x_wconf 90' lang='lat' dir='ltr'>He</span> <span class='ocrx_word' id='word_1_246' title='bbox 1291 2979 1356 3024; x_wconf 86' lang='lat' dir='ltr'>next</span> 
     </span>
     <span class='ocr_line' id='line_1_29' title="bbox 210 3051 1357 3122; baseline 0.003 -19"><span class='ocrx_word' id='word_1_247' title='bbox 210 3051 345 3119; x_wconf 90' lang='lat' dir='ltr'>proceeds</span> <span class='ocrx_word' id='word_1_248' title='bbox 364 3059 393 3105; x_wconf 90' lang='lat' dir='ltr'>to</span> <span class='ocrx_word' id='word_1_249' title='bbox 411 3060 530 3106; x_wconf 87' lang='lat' dir='ltr'>account</span> <span class='ocrx_word' id='word_1_250' title='bbox 551 3051 595 3105; x_wconf 85' lang='lat' dir='ltr'>ior</span> <span class='ocrx_word' id='word_1_251' title='bbox 615 3051 672 3106; x_wconf 91' lang='lat' dir='ltr'>this</span> <span class='ocrx_word' id='word_1_252' title='bbox 691 3060 803 3120; x_wconf 87' lang='lat' dir='ltr'>strange</span> <span class='ocrx_word' id='word_1_253' title='bbox 819 3052 933 3122; x_wconf 88' lang='lat' dir='ltr'>opinion</span> <span class='ocrx_word' id='word_1_254' title='bbox 946 3054 1005 3107; x_wconf 89' lang='lat' dir='ltr'>and</span> <span class='ocrx_word' id='word_1_255' title='bbox 1022 3053 1083 3108; x_wconf 89' lang='lat' dir='ltr'>that</span> <span class='ocrx_word' id='word_1_256' title='bbox 1101 3053 1132 3108; x_wconf 80' lang='lat' dir='ltr'>of</span> <span class='ocrx_word' id='word_1_257' title='bbox 1147 3053 1196 3107; x_wconf 93' lang='lat' dir='ltr'>the</span> <span class='ocrx_word' id='word_1_258' title='bbox 1214 3052 1357 3121; x_wconf 83' lang='lat' dir='ltr'>rotundity</span> 
     </span>
     <span class='ocr_line' id='line_1_30' title="bbox 209 3132 1361 3205; baseline 0.003 -18"><span class='ocrx_word' id='word_1_259' title='bbox 209 3132 241 3187; x_wconf 82' lang='lat' dir='ltr'>oi</span> <span class='ocrx_word' id='word_1_260' title='bbox 250 3133 298 3188; x_wconf 91' lang='lat' dir='ltr'>the</span> <span class='ocrx_word' id='word_1_261' title='bbox 309 3135 388 3190; x_wconf 85' lang='lat' dir='ltr'>earth</span> <span class='ocrx_word' id='word_1_262' title='bbox 401 3136 438 3203; x_wconf 87' lang='lat' dir='ltr'>by</span> <span class='ocrx_word' id='word_1_263' title='bbox 451 3137 525 3190; x_wconf 85' lang='lat' dir='ltr'>what</span> <span class='ocrx_word' id='word_1_264' title='bbox 537 3135 677 3205; x_wconf 85' lang='lat' dir='ltr'>appeared</span> <span class='ocrx_word' id='word_1_265' title='bbox 691 3146 720 3189; x_wconf 93' lang='lat' dir='ltr'>to</span> <span class='ocrx_word' id='word_1_266' title='bbox 732 3135 790 3189; x_wconf 93' lang='lat' dir='ltr'>him</span> <span class='ocrx_word' id='word_1_267' title='bbox 803 3136 872 3191; x_wconf 76' lang='lat' dir='ltr'>salse</span> <span class='ocrx_word' id='word_1_268' title='bbox 888 3136 1042 3192; x_wconf 83' lang='lat' dir='ltr'>inierences</span> <span class='ocrx_word' id='word_1_269' title='bbox 1058 3137 1129 3191; x_wconf 82' lang='lat' dir='ltr'>from</span> <span class='ocrx_word' id='word_1_270' title='bbox 1146 3137 1194 3190; x_wconf 91' lang='lat' dir='ltr'>the</span> <span class='ocrx_word' id='word_1_271' title='bbox 1210 3135 1316 3190; x_wconf 88' lang='lat' dir='ltr'>motion</span> <span class='ocrx_word' id='word_1_272' title='bbox 1328 3135 1361 3191; x_wconf 80' lang='lat' dir='ltr'>oi</span> 
     </span>
     <span class='ocr_line' id='line_1_31' title="bbox 209 3215 1356 3290; baseline 0.003 -20"><span class='ocrx_word' id='word_1_273' title='bbox 209 3215 257 3272; x_wconf 90' lang='lat' dir='ltr'>the</span> <span class='ocrx_word' id='word_1_274' title='bbox 269 3226 351 3284; x_wconf 75' lang='lat' dir='ltr'>stans,</span> <span class='ocrx_word' id='word_1_275' title='bbox 364 3219 422 3272; x_wconf 90' lang='lat' dir='ltr'>and</span> <span class='ocrx_word' id='word_1_276' title='bbox 435 3219 502 3274; x_wconf 90' lang='lat' dir='ltr'>then</span> <span class='ocrx_word' id='word_1_277' title='bbox 516 3219 676 3274; x_wconf 87' lang='lat' dir='ltr'>continues:</span> <span class='ocrx_word' id='word_1_278' title='bbox 698 3219 799 3288; x_wconf 86' lang='lat' dir='ltr'>‘Quod</span> <span class='ocrx_word' id='word_1_279' title='bbox 813 3219 836 3274; x_wconf 92' lang='lat' dir='ltr'>si</span> <span class='ocrx_word' id='word_1_280' title='bbox 850 3237 968 3290; x_wconf 86' lang='lat' dir='ltr'>quaeras</span> <span class='ocrx_word' id='word_1_281' title='bbox 981 3222 1017 3275; x_wconf 87' lang='lat' dir='ltr'>ab</span> <span class='ocrx_word' id='word_1_282' title='bbox 1030 3219 1073 3287; x_wconf 89' lang='lat' dir='ltr'>iis,</span> <span class='ocrx_word' id='word_1_283' title='bbox 1085 3220 1132 3290; x_wconf 90' lang='lat' dir='ltr'>qui</span> <span class='ocrx_word' id='word_1_284' title='bbox 1145 3220 1214 3274; x_wconf 89' lang='lat' dir='ltr'>haec</span> <span class='ocrx_word' id='word_1_285' title='bbox 1227 3229 1356 3290; x_wconf 89' lang='lat' dir='ltr'>portenta</span> 
     </span>
     <span class='ocr_line' id='line_1_32' title="bbox 208 3299 1354 3372; baseline 0.005 -19"><span class='ocrx_word' id='word_1_286' title='bbox 208 3299 369 3368; x_wconf 82' lang='lat' dir='ltr'>defendunt,</span> <span class='ocrx_word' id='word_1_287' title='bbox 383 3303 523 3371; x_wconf 91' lang='lat' dir='ltr'>quomodo</span> <span class='ocrx_word' id='word_1_288' title='bbox 534 3318 591 3356; x_wconf 92' lang='lat' dir='ltr'>non</span> <span class='ocrx_word' id='word_1_289' title='bbox 608 3303 711 3356; x_wconf 88' lang='lat' dir='ltr'>cadunt</span> <span class='ocrx_word' id='word_1_290' title='bbox 727 3302 823 3357; x_wconf 89' lang='lat' dir='ltr'>omnia</span> <span class='ocrx_word' id='word_1_291' title='bbox 839 3302 867 3358; x_wconf 91' lang='lat' dir='ltr'>in</span> <span class='ocrx_word' id='word_1_292' title='bbox 881 3303 1039 3359; x_wconf 83' lang='lat' dir='ltr'>inferiorem</span> <span class='ocrx_word' id='word_1_293' title='bbox 1052 3303 1128 3357; x_wconf 86' lang='lat' dir='ltr'>illam</span> <span class='ocrx_word' id='word_1_294' title='bbox 1141 3301 1209 3357; x_wconf 92' lang='lat' dir='ltr'>coeli</span> <span class='ocrx_word' id='word_1_295' title='bbox 1227 3313 1354 3372; x_wconf 81' lang='lat' dir='ltr'>partem:</span> 
     </span>
     <span class='ocr_line' id='line_1_33' title="bbox 208 3385 1355 3456; baseline 0.003 -19"><span class='ocrx_word' id='word_1_296' title='bbox 208 3385 384 3453; x_wconf 82' lang='lat' dir='ltr'>respondent,</span> <span class='ocrx_word' id='word_1_297' title='bbox 398 3385 471 3439; x_wconf 90' lang='lat' dir='ltr'>hanc</span> <span class='ocrx_word' id='word_1_298' title='bbox 489 3402 581 3440; x_wconf 90' lang='lat' dir='ltr'>rerum</span> <span class='ocrx_word' id='word_1_299' title='bbox 599 3403 662 3440; x_wconf 90' lang='lat' dir='ltr'>esse</span> <span class='ocrx_word' id='word_1_300' title='bbox 680 3395 818 3452; x_wconf 87' lang='lat' dir='ltr'>naturam,</span> <span class='ocrx_word' id='word_1_301' title='bbox 831 3396 862 3440; x_wconf 92' lang='lat' dir='ltr'>ut</span> <span class='ocrx_word' id='word_1_302' title='bbox 880 3387 1005 3456; x_wconf 87' lang='lat' dir='ltr'>pondera</span> <span class='ocrx_word' id='word_1_303' title='bbox 1024 3386 1051 3440; x_wconf 92' lang='lat' dir='ltr'>in</span> <span class='ocrx_word' id='word_1_304' title='bbox 1069 3385 1193 3441; x_wconf 89' lang='lat' dir='ltr'>medium</span> <span class='ocrx_word' id='word_1_305' title='bbox 1212 3385 1355 3451; x_wconf 85' lang='lat' dir='ltr'>ferantur;</span> 
     </span>
     <span class='ocr_line' id='line_1_34' title="bbox 206 3467 1355 3539; baseline 0.003 -19"><span class='ocrx_word' id='word_1_306' title='bbox 206 3475 234 3521; x_wconf 88' lang='lat' dir='ltr'>et</span> <span class='ocrx_word' id='word_1_307' title='bbox 253 3468 290 3521; x_wconf 91' lang='lat' dir='ltr'>ad</span> <span class='ocrx_word' id='word_1_308' title='bbox 308 3467 432 3523; x_wconf 90' lang='lat' dir='ltr'>medium</span> <span class='ocrx_word' id='word_1_309' title='bbox 451 3486 576 3524; x_wconf 85' lang='lat' dir='ltr'>connexa</span> <span class='ocrx_word' id='word_1_310' title='bbox 595 3478 658 3523; x_wconf 91' lang='lat' dir='ltr'>sunt</span> <span class='ocrx_word' id='word_1_311' title='bbox 677 3468 779 3537; x_wconf 87' lang='lat' dir='ltr'>omnia,</span> <span class='ocrx_word' id='word_1_312' title='bbox 794 3469 865 3524; x_wconf 90' lang='lat' dir='ltr'>sicut</span> <span class='ocrx_word' id='word_1_313' title='bbox 883 3470 977 3524; x_wconf 89' lang='lat' dir='ltr'>radios</span> <span class='ocrx_word' id='word_1_314' title='bbox 990 3469 1117 3525; x_wconf 88' lang='lat' dir='ltr'>videmus</span> <span class='ocrx_word' id='word_1_315' title='bbox 1137 3468 1166 3522; x_wconf 91' lang='lat' dir='ltr'>in</span> <span class='ocrx_word' id='word_1_316' title='bbox 1184 3479 1264 3524; x_wconf 89' lang='lat' dir='ltr'>rota:</span> <span class='ocrx_word' id='word_1_317' title='bbox 1285 3485 1355 3539; x_wconf 89' lang='lat' dir='ltr'>quae</span> 
     </span>
     <span class='ocr_line' id='line_1_35' title="bbox 206 3551 1354 3620; baseline 0.003 -16"><span class='ocrx_word' id='word_1_318' title='bbox 206 3561 300 3605; x_wconf 87' lang='lat' dir='ltr'>autem</span> <span class='ocrx_word' id='word_1_319' title='bbox 319 3551 393 3606; x_wconf 89' lang='lat' dir='ltr'>levia</span> <span class='ocrx_word' id='word_1_320' title='bbox 409 3563 482 3620; x_wconf 89' lang='lat' dir='ltr'>sunt,</span> <span class='ocrx_word' id='word_1_321' title='bbox 495 3563 526 3606; x_wconf 93' lang='lat' dir='ltr'>ut</span> <span class='ocrx_word' id='word_1_322' title='bbox 544 3553 653 3620; x_wconf 84' lang='lat' dir='ltr'>nebula,</span> <span class='ocrx_word' id='word_1_323' title='bbox 665 3552 767 3619; x_wconf 84' lang='lat' dir='ltr'>fumus,</span> <span class='ocrx_word' id='word_1_324' title='bbox 781 3551 862 3620; x_wconf 85' lang='lat' dir='ltr'>ignis,</span> <span class='ocrx_word' id='word_1_325' title='bbox 876 3570 894 3606; x_wconf 88' lang='lat' dir='ltr'>a</span> <span class='ocrx_word' id='word_1_326' title='bbox 912 3553 1006 3608; x_wconf 88' lang='lat' dir='ltr'>medio</span> <span class='ocrx_word' id='word_1_327' title='bbox 1023 3552 1191 3619; x_wconf 86' lang='lat' dir='ltr'>deferantur,</span> <span class='ocrx_word' id='word_1_328' title='bbox 1203 3562 1233 3606; x_wconf 93' lang='lat' dir='ltr'>ut</span> <span class='ocrx_word' id='word_1_329' title='bbox 1246 3553 1354 3608; x_wconf 90' lang='lat' dir='ltr'>coelum</span> 
     </span>
     <span class='ocr_line' id='line_1_36' title="bbox 206 3634 1354 3706; baseline 0.003 -19"><span class='ocrx_word' id='word_1_330' title='bbox 206 3634 321 3702; x_wconf 89' lang='lat' dir='ltr'>petant.’</span> <span class='ocrx_word' id='word_1_331' title='bbox 357 3637 399 3690; x_wconf 92' lang='lat' dir='ltr'>St.</span> <span class='ocrx_word' id='word_1_332' title='bbox 412 3635 567 3705; x_wconf 84' lang='lat' dir='ltr'>Augustine</span> <span class='ocrx_word' id='word_1_333' title='bbox 581 3636 638 3704; x_wconf 92' lang='lat' dir='ltr'>(De</span> <span class='ocrx_word' id='word_1_334' title='bbox 649 3635 770 3690; x_wconf 85' lang='lat' dir='ltr'>Civitate</span> <span class='ocrx_word' id='word_1_335' title='bbox 784 3636 847 3704; x_wconf 85' lang='lat' dir='ltr'>Dei,</span> <span class='ocrx_word' id='word_1_336' title='bbox 857 3636 904 3690; x_wconf 91' lang='lat' dir='ltr'>lib.</span> <span class='ocrx_word' id='word_1_337' title='bbox 913 3637 966 3690; x_wconf 85' lang='lat' dir='ltr'>xvi.</span> <span class='ocrx_word' id='word_1_338' title='bbox 975 3653 1035 3706; x_wconf 91' lang='lat' dir='ltr'>cap.</span> <span class='ocrx_word' id='word_1_339' title='bbox 1046 3635 1074 3706; x_wconf 85' lang='lat'>9)</span> <span class='ocrx_word' id='word_1_340' title='bbox 1088 3653 1188 3705; x_wconf 85' lang='lat' dir='ltr'>argues</span> <span class='ocrx_word' id='word_1_341' title='bbox 1200 3637 1270 3702; x_wconf 90' lang='lat' dir='ltr'>that,</span> <span class='ocrx_word' id='word_1_342' title='bbox 1282 3653 1354 3692; x_wconf 90' lang='lat' dir='ltr'>even</span> 
     </span>
     <span class='ocr_line' id='line_1_37' title="bbox 207 3717 1356 3787; baseline 0.003 -16"><span class='ocrx_word' id='word_1_343' title='bbox 207 3717 230 3771; x_wconf 81' lang='lat' dir='ltr'>if</span> <span class='ocrx_word' id='word_1_344' title='bbox 238 3718 286 3772; x_wconf 90' lang='lat' dir='ltr'>the</span> <span class='ocrx_word' id='word_1_345' title='bbox 299 3720 385 3774; x_wconf 89' lang='lat' dir='ltr'>world</span> <span class='ocrx_word' id='word_1_346' title='bbox 400 3719 437 3774; x_wconf 95' lang='lat' dir='ltr'>be</span> <span class='ocrx_word' id='word_1_347' title='bbox 452 3721 551 3787; x_wconf 89' lang='lat' dir='ltr'>round,</span> <span class='ocrx_word' id='word_1_348' title='bbox 565 3718 586 3775; x_wconf 88' lang='lat' dir='ltr'>it</span> <span class='ocrx_word' id='word_1_349' title='bbox 603 3719 673 3773; x_wconf 91' lang='lat' dir='ltr'>does</span> <span class='ocrx_word' id='word_1_350' title='bbox 689 3731 738 3774; x_wconf 92' lang='lat' dir='ltr'>not</span> <span class='ocrx_word' id='word_1_351' title='bbox 755 3719 846 3773; x_wconf 85' lang='lat' dir='ltr'>follow</span> <span class='ocrx_word' id='word_1_352' title='bbox 858 3721 919 3774; x_wconf 89' lang='lat' dir='ltr'>that</span> <span class='ocrx_word' id='word_1_353' title='bbox 937 3721 1014 3775; x_wconf 90' lang='lat' dir='ltr'>there</span> <span class='ocrx_word' id='word_1_354' title='bbox 1033 3719 1057 3774; x_wconf 94' lang='lat' dir='ltr'>is</span> <span class='ocrx_word' id='word_1_355' title='bbox 1075 3720 1142 3773; x_wconf 88' lang='lat' dir='ltr'>land</span> <span class='ocrx_word' id='word_1_356' title='bbox 1161 3736 1197 3773; x_wconf 93' lang='lat' dir='ltr'>on</span> <span class='ocrx_word' id='word_1_357' title='bbox 1214 3719 1262 3774; x_wconf 92' lang='lat' dir='ltr'>the</span> <span class='ocrx_word' id='word_1_358' title='bbox 1274 3720 1356 3774; x_wconf 91' lang='lat' dir='ltr'>other</span> 
     </span>
     <span class='ocr_line' id='line_1_38' title="bbox 206 3801 1353 3870; baseline 0.002 -14"><span class='ocrx_word' id='word_1_359' title='bbox 206 3801 274 3869; x_wconf 89' lang='lat' dir='ltr'>side,</span> <span class='ocrx_word' id='word_1_360' title='bbox 296 3819 335 3870; x_wconf 87' lang='lat' dir='ltr'>or,</span> <span class='ocrx_word' id='word_1_361' title='bbox 357 3820 429 3857; x_wconf 92' lang='lat' dir='ltr'>even</span> <span class='ocrx_word' id='word_1_362' title='bbox 450 3803 474 3857; x_wconf 85' lang='lat' dir='ltr'>if</span> <span class='ocrx_word' id='word_1_363' title='bbox 490 3803 568 3858; x_wconf 90' lang='lat' dir='ltr'>there</span> <span class='ocrx_word' id='word_1_364' title='bbox 593 3803 630 3857; x_wconf 92' lang='lat' dir='ltr'>be</span> <span class='ocrx_word' id='word_1_365' title='bbox 653 3803 721 3856; x_wconf 90' lang='lat' dir='ltr'>such</span> <span class='ocrx_word' id='word_1_366' title='bbox 744 3803 819 3869; x_wconf 87' lang='lat' dir='ltr'>land,</span> <span class='ocrx_word' id='word_1_367' title='bbox 841 3804 902 3856; x_wconf 92' lang='lat' dir='ltr'>that</span> <span class='ocrx_word' id='word_1_368' title='bbox 925 3801 946 3858; x_wconf 96' lang='lat' dir='ltr'>it</span> <span class='ocrx_word' id='word_1_369' title='bbox 970 3803 994 3858; x_wconf 95' lang='lat' dir='ltr'>is</span> <span class='ocrx_word' id='word_1_370' title='bbox 1019 3802 1173 3858; x_wconf 91' lang='lat' dir='ltr'>inhabited.</span> <span class='ocrx_word' id='word_1_371' title='bbox 1221 3803 1267 3857; x_wconf 86' lang='lat' dir='ltr'>He</span> <span class='ocrx_word' id='word_1_372' title='bbox 1286 3804 1353 3858; x_wconf 90' lang='lat' dir='ltr'>then</span> 
     </span>
     <span class='ocr_line' id='line_1_39' title="bbox 205 3885 1353 3957; baseline 0.001 -18"><span class='ocrx_word' id='word_1_373' title='bbox 205 3885 359 3956; x_wconf 87' lang='lat' dir='ltr'>absolutely</span> <span class='ocrx_word' id='word_1_374' title='bbox 371 3887 472 3957; x_wconf 89' lang='lat' dir='ltr'>rejects</span> <span class='ocrx_word' id='word_1_375' title='bbox 484 3888 533 3940; x_wconf 91' lang='lat' dir='ltr'>the</span> <span class='ocrx_word' id='word_1_376' title='bbox 545 3885 719 3956; x_wconf 90' lang='lat' dir='ltr'>supposition</span> <span class='ocrx_word' id='word_1_377' title='bbox 732 3885 763 3939; x_wconf 85' lang='lat' dir='ltr'>oi</span> <span class='ocrx_word' id='word_1_378' title='bbox 772 3885 929 3955; x_wconf 87' lang='lat' dir='ltr'>Antipodes</span> <span class='ocrx_word' id='word_1_379' title='bbox 943 3885 962 3954; x_wconf 84' lang='lat'>(‘</span> <span class='ocrx_word' id='word_1_380' title='bbox 971 3887 1046 3941; x_wconf 90' lang='lat' dir='ltr'>nulla</span> <span class='ocrx_word' id='word_1_381' title='bbox 1061 3885 1170 3941; x_wconf 91' lang='lat' dir='ltr'>ratione</span> <span class='ocrx_word' id='word_1_382' title='bbox 1182 3887 1353 3941; x_wconf 89' lang='lat' dir='ltr'>credendum</span> 
     </span>
     <span class='ocr_line' id='line_1_40' title="bbox 204 3967 1352 4040; baseline -0.002 -16"><span class='ocrx_word' id='word_1_383' title='bbox 204 3980 248 4024; x_wconf 86' lang='lat' dir='ltr'>est</span> <span class='ocrx_word' id='word_1_384' title='bbox 256 3970 275 4038; x_wconf 72' lang='lat' dir='ltr'>&#39;l</span> <span class='ocrx_word' id='word_1_385' title='bbox 295 3987 332 4025; x_wconf 89' lang='lat' dir='ltr'>on</span> <span class='ocrx_word' id='word_1_386' title='bbox 351 3970 398 4024; x_wconf 93' lang='lat' dir='ltr'>the</span> <span class='ocrx_word' id='word_1_387' title='bbox 417 3969 525 4040; x_wconf 81' lang='lat' dir='ltr'>ground</span> <span class='ocrx_word' id='word_1_388' title='bbox 544 3969 605 4024; x_wconf 92' lang='lat' dir='ltr'>that</span> <span class='ocrx_word' id='word_1_389' title='bbox 625 3969 645 4022; x_wconf 92' lang='lat' dir='ltr'>it</span> <span class='ocrx_word' id='word_1_390' title='bbox 666 3967 689 4022; x_wconf 91' lang='lat' dir='ltr'>is</span> <span class='ocrx_word' id='word_1_391' title='bbox 708 3967 891 4024; x_wconf 87' lang='lat' dir='ltr'>inconsistent</span> <span class='ocrx_word' id='word_1_392' title='bbox 910 3969 976 4023; x_wconf 94' lang='lat' dir='ltr'>with</span> <span class='ocrx_word' id='word_1_393' title='bbox 995 3971 1042 4024; x_wconf 93' lang='lat' dir='ltr'>the</span> <span class='ocrx_word' id='word_1_394' title='bbox 1061 3969 1215 4038; x_wconf 87' lang='lat' dir='ltr'>Scriptural</span> <span class='ocrx_word' id='word_1_395' title='bbox 1234 3978 1352 4024; x_wconf 88' lang='lat' dir='ltr'>account</span> 
     </span>
     <span class='ocr_line' id='line_1_41' title="bbox 204 4051 1354 4122; baseline 0 -16"><span class='ocrx_word' id='word_1_396' title='bbox 204 4053 235 4106; x_wconf 81' lang='lat' dir='ltr'>of</span> <span class='ocrx_word' id='word_1_397' title='bbox 244 4052 293 4106; x_wconf 94' lang='lat' dir='ltr'>the</span> <span class='ocrx_word' id='word_1_398' title='bbox 305 4052 395 4122; x_wconf 83' lang='lat' dir='ltr'>origin</span> <span class='ocrx_word' id='word_1_399' title='bbox 412 4052 444 4107; x_wconf 85' lang='lat' dir='ltr'>of</span> <span class='ocrx_word' id='word_1_400' title='bbox 457 4053 506 4108; x_wconf 90' lang='lat' dir='ltr'>the</span> <span class='ocrx_word' id='word_1_401' title='bbox 524 4053 630 4106; x_wconf 89' lang='lat' dir='ltr'>human</span> <span class='ocrx_word' id='word_1_402' title='bbox 649 4069 721 4106; x_wconf 91' lang='lat' dir='ltr'>race.</span> <span class='ocrx_word' id='word_1_403' title='bbox 759 4052 919 4122; x_wconf 88' lang='lat' dir='ltr'>‘Quoniam</span> <span class='ocrx_word' id='word_1_404' title='bbox 938 4053 1013 4107; x_wconf 89' lang='lat' dir='ltr'>nullo</span> <span class='ocrx_word' id='word_1_405' title='bbox 1031 4053 1116 4106; x_wconf 91' lang='lat' dir='ltr'>modo</span> <span class='ocrx_word' id='word_1_406' title='bbox 1137 4051 1280 4122; x_wconf 90' lang='lat' dir='ltr'>Scriptura</span> <span class='ocrx_word' id='word_1_407' title='bbox 1299 4052 1354 4106; x_wconf 91' lang='lat' dir='ltr'>ista</span> 
     </span>
     <span class='ocr_line' id='line_1_42' title="bbox 203 4134 1353 4206; baseline -0.001 -17"><span class='ocrx_word' id='word_1_408' title='bbox 203 4136 343 4202; x_wconf 84' lang='lat' dir='ltr'>mentitur,</span> <span class='ocrx_word' id='word_1_409' title='bbox 362 4153 434 4206; x_wconf 90' lang='lat' dir='ltr'>quae</span> <span class='ocrx_word' id='word_1_410' title='bbox 455 4135 574 4191; x_wconf 89' lang='lat' dir='ltr'>narratis</span> <span class='ocrx_word' id='word_1_411' title='bbox 596 4134 752 4206; x_wconf 91' lang='lat' dir='ltr'>praeteritis</span> <span class='ocrx_word' id='word_1_412' title='bbox 774 4135 841 4190; x_wconf 80' lang='lat' dir='ltr'>facit</span> <span class='ocrx_word' id='word_1_413' title='bbox 863 4137 955 4204; x_wconf 89' lang='lat' dir='ltr'>fidem,</span> <span class='ocrx_word' id='word_1_414' title='bbox 974 4153 1009 4191; x_wconf 90' lang='lat' dir='ltr'>eo</span> <span class='ocrx_word' id='word_1_415' title='bbox 1030 4136 1104 4205; x_wconf 89' lang='lat' dir='ltr'>quod</span> <span class='ocrx_word' id='word_1_416' title='bbox 1125 4135 1187 4204; x_wconf 89' lang='lat' dir='ltr'>ejus</span> <span class='ocrx_word' id='word_1_417' title='bbox 1208 4134 1353 4204; x_wconf 89' lang='lat' dir='ltr'>praedicta</span> 
     </span>
     <span class='ocr_line' id='line_1_43' title="bbox 203 4217 1352 4290; baseline -0.002 -17"><span class='ocrx_word' id='word_1_418' title='bbox 203 4221 393 4290; x_wconf 88' lang='lat' dir='ltr'>complentur:</span> <span class='ocrx_word' id='word_1_419' title='bbox 413 4219 550 4290; x_wconf 90' lang='lat' dir='ltr'>nimisque</span> <span class='ocrx_word' id='word_1_420' title='bbox 562 4220 715 4274; x_wconf 88' lang='lat' dir='ltr'>absurdum</span> <span class='ocrx_word' id='word_1_421' title='bbox 727 4229 770 4273; x_wconf 91' lang='lat' dir='ltr'>est</span> <span class='ocrx_word' id='word_1_422' title='bbox 784 4230 814 4274; x_wconf 89' lang='lat' dir='ltr'>ut</span> <span class='ocrx_word' id='word_1_423' title='bbox 826 4219 942 4286; x_wconf 88' lang='lat' dir='ltr'>dicatur,</span> <span class='ocrx_word' id='word_1_424' title='bbox 950 4219 1058 4290; x_wconf 89' lang='lat' dir='ltr'>aliquos</span> <span class='ocrx_word' id='word_1_425' title='bbox 1071 4218 1199 4273; x_wconf 90' lang='lat' dir='ltr'>homines</span> <span class='ocrx_word' id='word_1_426' title='bbox 1211 4235 1245 4272; x_wconf 88' lang='lat' dir='ltr'>ex</span> <span class='ocrx_word' id='word_1_427' title='bbox 1256 4218 1311 4272; x_wconf 88' lang='lat' dir='ltr'>hac</span> <span class='ocrx_word' id='word_1_428' title='bbox 1324 4217 1352 4272; x_wconf 90' lang='lat' dir='ltr'>in</span> 
     </span>
     <span class='ocr_line' id='line_1_44' title="bbox 205 4300 1351 4372; baseline 0 -16"><span class='ocrx_word' id='word_1_429' title='bbox 205 4301 279 4356; x_wconf 90' lang='lat' dir='ltr'>illam</span> <span class='ocrx_word' id='word_1_430' title='bbox 292 4313 408 4372; x_wconf 86' lang='lat' dir='ltr'>partem,</span> <span class='ocrx_word' id='word_1_431' title='bbox 419 4302 525 4358; x_wconf 87' lang='lat' dir='ltr'>Oceani</span> <span class='ocrx_word' id='word_1_432' title='bbox 539 4302 728 4358; x_wconf 89' lang='lat' dir='ltr'>immensitate</span> <span class='ocrx_word' id='word_1_433' title='bbox 741 4302 864 4371; x_wconf 88' lang='lat' dir='ltr'>trajecta,</span> <span class='ocrx_word' id='word_1_434' title='bbox 873 4301 1005 4371; x_wconf 87' lang='lat' dir='ltr'>navigare</span> <span class='ocrx_word' id='word_1_435' title='bbox 1018 4319 1051 4356; x_wconf 88' lang='lat' dir='ltr'>ac</span> <span class='ocrx_word' id='word_1_436' title='bbox 1061 4301 1205 4370; x_wconf 84' lang='lat' dir='ltr'>pervenire</span> <span class='ocrx_word' id='word_1_437' title='bbox 1218 4300 1351 4371; x_wconf 88' lang='lat' dir='ltr'>potuisse,</span> 
     </span>
     <span class='ocr_line' id='line_1_45' title="bbox 203 4384 1286 4456; baseline -0.002 -16"><span class='ocrx_word' id='word_1_438' title='bbox 203 4394 233 4440; x_wconf 91' lang='lat' dir='ltr'>ut</span> <span class='ocrx_word' id='word_1_439' title='bbox 245 4385 329 4440; x_wconf 88' lang='lat' dir='ltr'>etiam</span> <span class='ocrx_word' id='word_1_440' title='bbox 344 4387 396 4441; x_wconf 92' lang='lat' dir='ltr'>illis</span> <span class='ocrx_word' id='word_1_441' title='bbox 409 4405 442 4442; x_wconf 81' lang='lat' dir='ltr'>ex</span> <span class='ocrx_word' id='word_1_442' title='bbox 454 4402 510 4440; x_wconf 88' lang='lat' dir='ltr'>uno</span> <span class='ocrx_word' id='word_1_443' title='bbox 523 4384 571 4440; x_wconf 92' lang='lat' dir='ltr'>illo</span> <span class='ocrx_word' id='word_1_444' title='bbox 583 4385 673 4456; x_wconf 91' lang='lat' dir='ltr'>primo</span> <span class='ocrx_word' id='word_1_445' title='bbox 685 4385 799 4440; x_wconf 89' lang='lat' dir='ltr'>homine</span> <span class='ocrx_word' id='word_1_446' title='bbox 812 4401 901 4454; x_wconf 83' lang='lat' dir='ltr'>genus</span> <span class='ocrx_word' id='word_1_447' title='bbox 914 4384 1102 4440; x_wconf 91' lang='lat' dir='ltr'>institueretur</span> <span class='ocrx_word' id='word_1_448' title='bbox 1114 4384 1286 4439; x_wconf 66' lang='lat' dir='ltr'>humanum!</span> 
     </span>
    </p>

    <p class='ocr_par' dir='ltr' id='par_1_6' title="bbox 203 4465 1352 4623">
     <span class='ocr_line' id='line_1_46' title="bbox 238 4465 1352 4540; baseline -0.004 -16"><span class='ocrx_word' id='word_1_449' title='bbox 238 4469 300 4524; x_wconf 85' lang='lat' dir='ltr'>The</span> <span class='ocrx_word' id='word_1_450' title='bbox 312 4469 453 4539; x_wconf 78' lang='lat' dir='ltr'>following</span> <span class='ocrx_word' id='word_1_451' title='bbox 464 4468 608 4540; x_wconf 88' lang='lat' dir='ltr'>quotation</span> <span class='ocrx_word' id='word_1_452' title='bbox 620 4469 692 4523; x_wconf 79' lang='lat' dir='ltr'>from</span> <span class='ocrx_word' id='word_1_453' title='bbox 705 4485 758 4522; x_wconf 91' lang='lat' dir='ltr'>one</span> <span class='ocrx_word' id='word_1_454' title='bbox 771 4469 803 4522; x_wconf 85' lang='lat' dir='ltr'>oi</span> <span class='ocrx_word' id='word_1_455' title='bbox 810 4471 921 4539; x_wconf 87' lang='lat' dir='ltr'>Jeremy</span> <span class='ocrx_word' id='word_1_456' title='bbox 933 4468 1060 4538; x_wconf 86' lang='lat' dir='ltr'>Taylor’s</span> <span class='ocrx_word' id='word_1_457' title='bbox 1074 4471 1207 4524; x_wconf 91' lang='lat' dir='ltr'>Sermons</span> <span class='ocrx_word' id='word_1_458' title='bbox 1218 4465 1352 4536; x_wconf 79' lang='lat' dir='ltr'>(Heber’s</span> 
     </span>
     <span class='ocr_line' id='line_1_47' title="bbox 203 4551 1351 4623; baseline -0.003 -17"><span class='ocrx_word' id='word_1_459' title='bbox 203 4552 327 4622; x_wconf 86' lang='lat' dir='ltr'>Edition‚</span> <span class='ocrx_word' id='word_1_460' title='bbox 341 4553 450 4608; x_wconf 86' lang='lat' dir='ltr'>revised</span> <span class='ocrx_word' id='word_1_461' title='bbox 463 4554 499 4623; x_wconf 90' lang='lat' dir='ltr'>by</span> <span class='ocrx_word' id='word_1_462' title='bbox 511 4554 600 4620; x_wconf 88' lang='lat' dir='ltr'>Eden,</span> <span class='ocrx_word' id='word_1_463' title='bbox 609 4553 661 4606; x_wconf 88' lang='lat' dir='ltr'>vol.</span> <span class='ocrx_word' id='word_1_464' title='bbox 672 4551 727 4605; x_wconf 90' lang='lat' dir='ltr'>viii.</span> <span class='ocrx_word' id='word_1_465' title='bbox 736 4568 762 4621; x_wconf 89' lang='lat' dir='ltr'>p.</span> <span class='ocrx_word' id='word_1_466' title='bbox 774 4551 836 4620; x_wconf 83' lang='lat'><strong>536)</strong></span> <span class='ocrx_word' id='word_1_467' title='bbox 849 4551 871 4606; x_wconf 90' lang='lat' dir='ltr'>is</span> <span class='ocrx_word' id='word_1_468' title='bbox 884 4569 916 4606; x_wconf 95' lang='lat' dir='ltr'>so</span> <span class='ocrx_word' id='word_1_469' title='bbox 928 4552 1114 4623; x_wconf 89' lang='lat' dir='ltr'>appropriate,</span> <span class='ocrx_word' id='word_1_470' title='bbox 1122 4554 1190 4620; x_wconf 88' lang='lat' dir='ltr'>and,</span> <span class='ocrx_word' id='word_1_471' title='bbox 1199 4567 1351 4618; x_wconf 88' lang='lat' dir='ltr'>moreover,</span> 
     </span>
    </p>

    <p class='ocr_par' dir='ltr' id='par_1_7' title="bbox 746 4655 809 4706">
     <span class='ocr_line' id='line_1_48' title="bbox 746 4655 809 4706; baseline 0.016 -1"><span class='ocrx_word' id='word_1_472' title='bbox 746 4655 770 4705; x_wconf 92' lang='lat' dir='ltr'><strong>U</strong></span> <span class='ocrx_word' id='word_1_473' title='bbox 790 4659 809 4706; x_wconf 82' lang='lat'>2</span> 
     </span>
    </p>
   </div>
   <div class='ocr_carea' id='block_1_4' title="bbox 0 0 1684 5152">
    <p class='ocr_par' dir='ltr' id='par_1_8' title="bbox 0 0 1684 5152">
     <span class='ocr_line' id='line_1_49' title="bbox 0 0 1684 5152; baseline 0 5"><span class='ocrx_word' id='word_1_474' title='bbox 0 0 1684 5152; x_wconf 95' lang='lat' dir='ltr'> </span> 
     </span>
    </p>
   </div>
  </div>
 </body>
</html>
