<?xml version="1.0" encoding="UTF-8"?>
<!DOCTYPE html PUBLIC "-//W3C//DTD XHTML 1.0 Transitional//EN"
    "http://www.w3.org/TR/xhtml1/DTD/xhtml1-transitional.dtd">
<html xmlns="http://www.w3.org/1999/xhtml" xml:lang="en" lang="en">
 <head>
  <title>
</title>
<meta http-equiv="Content-Type" content="text/html;charset=utf-8" />
  <meta name='ocr-system' content='tesseract 3.04.00' />
  <meta name='ocr-capabilities' content='ocr_page ocr_carea ocr_par ocr_line ocrx_word'/>
</head>
<body>
  <div class='ocr_page' id='page_1' title='image "./baconsnovumorga00bacogoog/baconsnovumorga00bacogoog_0464.png"; bbox 0 0 3342 5152; ppageno 0'>
   <div class='ocr_carea' id='block_1_1' title="bbox 688 423 1375 504">
    <p class='ocr_par' dir='ltr' id='par_1_1' title="bbox 688 423 1375 504">
     <span class='ocr_line' id='line_1_1' title="bbox 688 423 1375 504; baseline 0.006 -28"><span class='ocrx_word' id='word_1_1' title='bbox 688 423 767 479; x_wconf 80' lang='lat' dir='ltr'>LIB.</span> <span class='ocrx_word' id='word_1_2' title='bbox 790 423 833 478; x_wconf 87' lang='lat' dir='ltr'>II.</span> <span class='ocrx_word' id='word_1_3' title='bbox 859 430 909 497; x_wconf 83' lang='lat'>27.</span> <span class='ocrx_word' id='word_1_4' title='bbox 1310 429 1375 504; x_wconf 85' lang='lat'>435</span> 
     </span>
    </p>
   </div>
   <div class='ocr_carea' id='block_1_2' title="bbox 224 586 1382 3170">
    <p class='ocr_par' dir='ltr' id='par_1_2' title="bbox 224 586 1377 881">
     <span class='ocr_line' id='line_1_2' title="bbox 224 586 1375 666; baseline 0.003 -16"><span class='ocrx_word' id='word_1_5' title='bbox 224 586 325 651; x_wconf 90' lang='lat' dir='ltr'>veluti</span> <span class='ocrx_word' id='word_1_6' title='bbox 343 587 582 652; x_wconf 90' lang='lat' dir='ltr'>manu-ducunt</span> <span class='ocrx_word' id='word_1_7' title='bbox 598 587 762 652; x_wconf 91' lang='lat' dir='ltr'>interdum</span> <span class='ocrx_word' id='word_1_8' title='bbox 778 587 821 651; x_wconf 92' lang='lat' dir='ltr'>ad</span> <span class='ocrx_word' id='word_1_9' title='bbox 838 589 1009 653; x_wconf 84' lang='lat' dir='ltr'>axiomata</span> <span class='ocrx_word' id='word_1_10' title='bbox 1024 589 1178 654; x_wconf 92' lang='lat' dir='ltr'>sublimia</span> <span class='ocrx_word' id='word_1_11' title='bbox 1193 599 1226 654; x_wconf 90' lang='lat' dir='ltr'>et</span> <span class='ocrx_word' id='word_1_12' title='bbox 1242 589 1375 666; x_wconf 88' lang='lat' dir='ltr'>nobilia,</span> 
     </span>
     <span class='ocr_line' id='line_1_3' title="bbox 225 691 1377 778; baseline 0.004 -24"><span class='ocrx_word' id='word_1_13' title='bbox 225 691 416 775; x_wconf 90' lang='lat' dir='ltr'>praesertim</span> <span class='ocrx_word' id='word_1_14' title='bbox 448 691 504 756; x_wconf 93' lang='lat' dir='ltr'>illa</span> <span class='ocrx_word' id='word_1_15' title='bbox 535 712 621 775; x_wconf 90' lang='lat' dir='ltr'>quae</span> <span class='ocrx_word' id='word_1_16' title='bbox 649 693 691 756; x_wconf 91' lang='lat' dir='ltr'>ad</span> <span class='ocrx_word' id='word_1_17' title='bbox 723 693 838 758; x_wconf 89' lang='lat' dir='ltr'>mundi</span> <span class='ocrx_word' id='word_1_18' title='bbox 875 692 1168 776; x_wconf 86' lang='lat' dir='ltr'>configurationem</span> <span class='ocrx_word' id='word_1_19' title='bbox 1201 694 1377 778; x_wconf 84' lang='lat' dir='ltr'><strong>pertinent,</strong></span> 
     </span>
     <span class='ocr_line' id='line_1_4' title="bbox 225 794 1072 881; baseline 0.002 -21"><span class='ocrx_word' id='word_1_20' title='bbox 225 796 335 877; x_wconf 91' lang='lat' dir='ltr'>potius</span> <span class='ocrx_word' id='word_1_21' title='bbox 350 815 450 878; x_wconf 92' lang='lat' dir='ltr'>quam</span> <span class='ocrx_word' id='word_1_22' title='bbox 465 797 507 860; x_wconf 95' lang='lat' dir='ltr'>ad</span> <span class='ocrx_word' id='word_1_23' title='bbox 525 805 658 860; x_wconf 87' lang='lat' dir='ltr'>naturas</span> <span class='ocrx_word' id='word_1_24' title='bbox 673 806 707 860; x_wconf 90' lang='lat' dir='ltr'>et</span> <span class='ocrx_word' id='word_1_25' title='bbox 722 796 845 861; x_wconf 89' lang='lat' dir='ltr'>formas</span> <span class='ocrx_word' id='word_1_26' title='bbox 859 797 1026 881; x_wconf 85' lang='lat' dir='ltr'>simplices</span> <span class='ocrx_word' id='word_1_27' title='bbox 1036 794 1072 862; x_wconf 80' lang='lat'>⁸².</span> 
     </span>
    </p>

    <p class='ocr_par' dir='ltr' id='par_1_3' title="bbox 225 899 1382 3170">
     <span class='ocr_line' id='line_1_5' title="bbox 271 899 1375 985; baseline 0.004 -23"><span class='ocrx_word' id='word_1_28' title='bbox 271 899 428 984; x_wconf 88' lang='lat' dir='ltr'>Exempli</span> <span class='ocrx_word' id='word_1_29' title='bbox 437 901 562 983; x_wconf 82' lang='lat' dir='ltr'>gratia3</span> <span class='ocrx_word' id='word_1_30' title='bbox 586 900 769 970; x_wconf 88' lang='lat' dir='ltr'>instantiae</span> <span class='ocrx_word' id='word_1_31' title='bbox 781 900 977 966; x_wconf 91' lang='lat' dir='ltr'>Conformes</span> <span class='ocrx_word' id='word_1_32' title='bbox 989 912 1065 966; x_wconf 91' lang='lat' dir='ltr'>sunt</span> <span class='ocrx_word' id='word_1_33' title='bbox 1075 922 1161 984; x_wconf 89' lang='lat' dir='ltr'>quae</span> <span class='ocrx_word' id='word_1_34' title='bbox 1173 911 1375 985; x_wconf 90' lang='lat' dir='ltr'>sequuntur:</span> 
     </span>
     <span class='ocr_line' id='line_1_6' title="bbox 225 1002 1377 1088; baseline 0.003 -22"><span class='ocrx_word' id='word_1_35' title='bbox 225 1002 405 1088; x_wconf 81' lang='lat' dir='ltr'>speculum,</span> <span class='ocrx_word' id='word_1_36' title='bbox 431 1014 464 1068; x_wconf 89' lang='lat' dir='ltr'>et</span> <span class='ocrx_word' id='word_1_37' title='bbox 491 1004 625 1083; x_wconf 91' lang='lat' dir='ltr'>oculus;</span> <span class='ocrx_word' id='word_1_38' title='bbox 649 1013 682 1068; x_wconf 89' lang='lat' dir='ltr'>et</span> <span class='ocrx_word' id='word_1_39' title='bbox 708 1005 858 1069; x_wconf 90' lang='lat' dir='ltr'>similiter</span> <span class='ocrx_word' id='word_1_40' title='bbox 880 1006 1004 1070; x_wconf 91' lang='lat' dir='ltr'>fabrica</span> <span class='ocrx_word' id='word_1_41' title='bbox 1026 1007 1124 1085; x_wconf 90' lang='lat' dir='ltr'>auris,</span> <span class='ocrx_word' id='word_1_42' title='bbox 1147 1016 1180 1072; x_wconf 89' lang='lat' dir='ltr'>et</span> <span class='ocrx_word' id='word_1_43' title='bbox 1208 1007 1279 1072; x_wconf 91' lang='lat' dir='ltr'>loca</span> <span class='ocrx_word' id='word_1_44' title='bbox 1303 1007 1377 1070; x_wconf 87' lang='lat' dir='ltr'>red-</span> 
     </span>
     <span class='ocr_line' id='line_1_7' title="bbox 226 1107 1378 1195; baseline 0.001 -22"><span class='ocrx_word' id='word_1_45' title='bbox 226 1107 338 1173; x_wconf 88' lang='lat' dir='ltr'>dentia</span> <span class='ocrx_word' id='word_1_46' title='bbox 367 1108 459 1173; x_wconf 91' lang='lat' dir='ltr'>echo.</span> <span class='ocrx_word' id='word_1_47' title='bbox 514 1109 570 1172; x_wconf 89' lang='lat' dir='ltr'>Ex</span> <span class='ocrx_word' id='word_1_48' title='bbox 600 1129 668 1191; x_wconf 90' lang='lat' dir='ltr'>qua</span> <span class='ocrx_word' id='word_1_49' title='bbox 697 1108 936 1188; x_wconf 82' lang='lat' dir='ltr'>conformitate,</span> <span class='ocrx_word' id='word_1_50' title='bbox 969 1121 1099 1194; x_wconf 86' lang='lat' dir='ltr'>praeter</span> <span class='ocrx_word' id='word_1_51' title='bbox 1129 1111 1234 1195; x_wconf 89' lang='lat' dir='ltr'>ipsam</span> <span class='ocrx_word' id='word_1_52' title='bbox 1266 1111 1378 1176; x_wconf 84' lang='lat' dir='ltr'>obser·</span> 
     </span>
     <span class='ocr_line' id='line_1_8' title="bbox 225 1211 1378 1299; baseline 0.003 -23"><span class='ocrx_word' id='word_1_53' title='bbox 225 1211 394 1277; x_wconf 88' lang='lat' dir='ltr'>vationem</span> <span class='ocrx_word' id='word_1_54' title='bbox 418 1212 651 1288; x_wconf 89' lang='lat' dir='ltr'>similitudinis,</span> <span class='ocrx_word' id='word_1_55' title='bbox 675 1233 760 1295; x_wconf 88' lang='lat' dir='ltr'>quae</span> <span class='ocrx_word' id='word_1_56' title='bbox 782 1214 824 1277; x_wconf 92' lang='lat' dir='ltr'>ad</span> <span class='ocrx_word' id='word_1_57' title='bbox 849 1213 953 1279; x_wconf 88' lang='lat' dir='ltr'>multa</span> <span class='ocrx_word' id='word_1_58' title='bbox 977 1215 1065 1278; x_wconf 90' lang='lat' dir='ltr'>utilis</span> <span class='ocrx_word' id='word_1_59' title='bbox 1086 1225 1145 1293; x_wconf 88' lang='lat' dir='ltr'>est,</span> <span class='ocrx_word' id='word_1_60' title='bbox 1161 1214 1305 1299; x_wconf 88' lang='lat' dir='ltr'>proclive</span> <span class='ocrx_word' id='word_1_61' title='bbox 1327 1225 1378 1280; x_wconf 88' lang='lat' dir='ltr'>est</span> 
     </span>
     <span class='ocr_line' id='line_1_9' title="bbox 227 1315 1377 1403; baseline 0.004 -24"><span class='ocrx_word' id='word_1_62' title='bbox 227 1317 360 1401; x_wconf 88' lang='lat' dir='ltr'>insuper</span> <span class='ocrx_word' id='word_1_63' title='bbox 383 1316 538 1401; x_wconf 83' lang='lat' dir='ltr'>colligere</span> <span class='ocrx_word' id='word_1_64' title='bbox 560 1326 594 1381; x_wconf 92' lang='lat' dir='ltr'>et</span> <span class='ocrx_word' id='word_1_65' title='bbox 616 1315 758 1381; x_wconf 86' lang='lat' dir='ltr'>formare</span> <span class='ocrx_word' id='word_1_66' title='bbox 781 1318 863 1381; x_wconf 93' lang='lat' dir='ltr'>illud</span> <span class='ocrx_word' id='word_1_67' title='bbox 885 1319 1040 1396; x_wconf 90' lang='lat' dir='ltr'>axioma;</span> <span class='ocrx_word' id='word_1_68' title='bbox 1067 1319 1229 1398; x_wconf 91' lang='lat' dir='ltr'>videlicet,</span> <span class='ocrx_word' id='word_1_69' title='bbox 1252 1338 1377 1403; x_wconf 87' lang='lat' dir='ltr'>organa</span> 
     </span>
     <span class='ocr_line' id='line_1_10' title="bbox 226 1422 1378 1506; baseline 0.002 -20"><span class='ocrx_word' id='word_1_70' title='bbox 226 1441 381 1486; x_wconf 90' lang='lat' dir='ltr'>sensuum</span> <span class='ocrx_word' id='word_1_71' title='bbox 404 1431 438 1486; x_wconf 91' lang='lat' dir='ltr'>et</span> <span class='ocrx_word' id='word_1_72' title='bbox 461 1441 600 1506; x_wconf 86' lang='lat' dir='ltr'>corpora</span> <span class='ocrx_word' id='word_1_73' title='bbox 622 1441 708 1504; x_wconf 90' lang='lat' dir='ltr'>quae</span> <span class='ocrx_word' id='word_1_74' title='bbox 731 1422 862 1506; x_wconf 87' lang='lat' dir='ltr'>pariunt</span> <span class='ocrx_word' id='word_1_75' title='bbox 885 1422 1081 1487; x_wconf 89' lang='lat' dir='ltr'>reflexiones</span> <span class='ocrx_word' id='word_1_76' title='bbox 1103 1424 1146 1488; x_wconf 92' lang='lat' dir='ltr'>ad</span> <span class='ocrx_word' id='word_1_77' title='bbox 1169 1444 1283 1488; x_wconf 90' lang='lat' dir='ltr'>sensus</span> <span class='ocrx_word' id='word_1_78' title='bbox 1306 1443 1378 1488; x_wconf 90' lang='lat' dir='ltr'>esse</span> 
     </span>
     <span class='ocr_line' id='line_1_11' title="bbox 227 1525 1378 1609; baseline 0 -19"><span class='ocrx_word' id='word_1_79' title='bbox 227 1525 343 1590; x_wconf 87' lang='lat' dir='ltr'>similis</span> <span class='ocrx_word' id='word_1_80' title='bbox 366 1535 513 1590; x_wconf 88' lang='lat' dir='ltr'>naturae.</span> <span class='ocrx_word' id='word_1_81' title='bbox 570 1525 698 1589; x_wconf 89' lang='lat' dir='ltr'>Rursus</span> <span class='ocrx_word' id='word_1_82' title='bbox 721 1546 766 1588; x_wconf 90' lang='lat' dir='ltr'>ex</span> <span class='ocrx_word' id='word_1_83' title='bbox 792 1525 855 1590; x_wconf 94' lang='lat' dir='ltr'>hoc</span> <span class='ocrx_word' id='word_1_84' title='bbox 881 1527 953 1609; x_wconf 93' lang='lat' dir='ltr'>ipso</span> <span class='ocrx_word' id='word_1_85' title='bbox 979 1528 1168 1592; x_wconf 89' lang='lat' dir='ltr'>admonitus</span> <span class='ocrx_word' id='word_1_86' title='bbox 1193 1527 1378 1592; x_wconf 89' lang='lat' dir='ltr'>intellectus</span> 
     </span>
     <span class='ocr_line' id='line_1_12' title="bbox 228 1628 1375 1714; baseline 0 -20"><span class='ocrx_word' id='word_1_87' title='bbox 228 1651 294 1694; x_wconf 89' lang='lat' dir='ltr'>non</span> <span class='ocrx_word' id='word_1_88' title='bbox 321 1651 420 1714; x_wconf 85' lang='lat' dir='ltr'>aegre</span> <span class='ocrx_word' id='word_1_89' title='bbox 446 1628 586 1714; x_wconf 87' lang='lat' dir='ltr'>insurgit</span> <span class='ocrx_word' id='word_1_90' title='bbox 612 1630 656 1694; x_wconf 94' lang='lat' dir='ltr'>ad</span> <span class='ocrx_word' id='word_1_91' title='bbox 682 1629 817 1694; x_wconf 85' lang='lat' dir='ltr'>axioma</span> <span class='ocrx_word' id='word_1_92' title='bbox 844 1629 1015 1712; x_wconf 88' lang='lat' dir='ltr'>quoddam</span> <span class='ocrx_word' id='word_1_93' title='bbox 1040 1631 1139 1695; x_wconf 88' lang='lat' dir='ltr'>altius</span> <span class='ocrx_word' id='word_1_94' title='bbox 1163 1641 1196 1695; x_wconf 92' lang='lat' dir='ltr'>et</span> <span class='ocrx_word' id='word_1_95' title='bbox 1224 1630 1375 1696; x_wconf 90' lang='lat' dir='ltr'>nobilius.</span> 
     </span>
     <span class='ocr_line' id='line_1_13' title="bbox 229 1732 1378 1818; baseline 0.002 -21"><span class='ocrx_word' id='word_1_96' title='bbox 229 1733 306 1798; x_wconf 90' lang='lat' dir='ltr'>Hoc</span> <span class='ocrx_word' id='word_1_97' title='bbox 322 1734 497 1812; x_wconf 84' lang='lat' dir='ltr'>nimirum3</span> <span class='ocrx_word' id='word_1_98' title='bbox 521 1732 602 1797; x_wconf 92' lang='lat' dir='ltr'>nihil</span> <span class='ocrx_word' id='word_1_99' title='bbox 625 1732 782 1798; x_wconf 88' lang='lat' dir='ltr'>interesse</span> <span class='ocrx_word' id='word_1_100' title='bbox 796 1734 880 1798; x_wconf 92' lang='lat' dir='ltr'>inter</span> <span class='ocrx_word' id='word_1_101' title='bbox 895 1753 1072 1798; x_wconf 86' lang='lat' dir='ltr'>consensus</span> <span class='ocrx_word' id='word_1_102' title='bbox 1088 1736 1157 1798; x_wconf 92' lang='lat' dir='ltr'>sive</span> <span class='ocrx_word' id='word_1_103' title='bbox 1171 1733 1378 1818; x_wconf 90' lang='lat' dir='ltr'>sympathias</span> 
     </span>
     <span class='ocr_line' id='line_1_14' title="bbox 228 1837 1378 1921; baseline 0 -19"><span class='ocrx_word' id='word_1_104' title='bbox 228 1857 402 1921; x_wconf 88' lang='lat' dir='ltr'>corporum</span> <span class='ocrx_word' id='word_1_105' title='bbox 432 1858 528 1902; x_wconf 89' lang='lat' dir='ltr'>sensu</span> <span class='ocrx_word' id='word_1_106' title='bbox 557 1837 794 1921; x_wconf 90' lang='lat' dir='ltr'>praeditorum,</span> <span class='ocrx_word' id='word_1_107' title='bbox 824 1848 858 1903; x_wconf 92' lang='lat' dir='ltr'>et</span> <span class='ocrx_word' id='word_1_108' title='bbox 887 1837 1142 1903; x_wconf 85' lang='lat' dir='ltr'>inanimatorum</span> <span class='ocrx_word' id='word_1_109' title='bbox 1173 1839 1243 1903; x_wconf 89' lang='lat' dir='ltr'>sine</span> <span class='ocrx_word' id='word_1_110' title='bbox 1272 1858 1378 1916; x_wconf 89' lang='lat' dir='ltr'>sensu,</span> 
     </span>
     <span class='ocr_line' id='line_1_15' title="bbox 229 1939 1380 2026; baseline 0.001 -22"><span class='ocrx_word' id='word_1_111' title='bbox 229 1941 290 2004; x_wconf 91' lang='lat' dir='ltr'>nisi</span> <span class='ocrx_word' id='word_1_112' title='bbox 312 1941 403 2023; x_wconf 93' lang='lat' dir='ltr'>quod</span> <span class='ocrx_word' id='word_1_113' title='bbox 426 1941 458 2004; x_wconf 92' lang='lat' dir='ltr'>in</span> <span class='ocrx_word' id='word_1_114' title='bbox 482 1942 546 2005; x_wconf 93' lang='lat' dir='ltr'>illis</span> <span class='ocrx_word' id='word_1_115' title='bbox 567 1941 705 2006; x_wconf 86' lang='lat' dir='ltr'>accedat</span> <span class='ocrx_word' id='word_1_116' title='bbox 728 1942 861 2025; x_wconf 91' lang='lat' dir='ltr'>spiritus</span> <span class='ocrx_word' id='word_1_117' title='bbox 883 1941 1033 2007; x_wconf 89' lang='lat' dir='ltr'>animalis</span> <span class='ocrx_word' id='word_1_118' title='bbox 1042 1939 1070 1980; x_wconf 84' lang='lat'>⁸³</span> <span class='ocrx_word' id='word_1_119' title='bbox 1091 1944 1135 2006; x_wconf 92' lang='lat' dir='ltr'>ad</span> <span class='ocrx_word' id='word_1_120' title='bbox 1158 1963 1276 2026; x_wconf 85' lang='lat' dir='ltr'>corpus</span> <span class='ocrx_word' id='word_1_121' title='bbox 1295 1941 1380 2006; x_wconf 82' lang='lat' dir='ltr'>ita⁸⁴</span> 
     </span>
     <span class='ocr_line' id='line_1_16' title="bbox 229 2045 1379 2128; baseline 0.003 -21"><span class='ocrx_word' id='word_1_122' title='bbox 229 2045 436 2127; x_wconf 89' lang='lat' dir='ltr'>dispositum,</span> <span class='ocrx_word' id='word_1_123' title='bbox 450 2045 482 2108; x_wconf 89' lang='lat' dir='ltr'>in</span> <span class='ocrx_word' id='word_1_124' title='bbox 494 2045 545 2109; x_wconf 96' lang='lat' dir='ltr'>his</span> <span class='ocrx_word' id='word_1_125' title='bbox 557 2055 669 2111; x_wconf 91' lang='lat' dir='ltr'>autem</span> <span class='ocrx_word' id='word_1_126' title='bbox 682 2045 778 2109; x_wconf 88' lang='lat' dir='ltr'>absit.</span> <span class='ocrx_word' id='word_1_127' title='bbox 819 2045 920 2110; x_wconf 87' lang='lat' dir='ltr'>Adeo</span> <span class='ocrx_word' id='word_1_128' title='bbox 937 2055 972 2110; x_wconf 95' lang='lat' dir='ltr'>ut</span> <span class='ocrx_word' id='word_1_129' title='bbox 988 2055 1071 2128; x_wconf 90' lang='lat' dir='ltr'>quot</span> <span class='ocrx_word' id='word_1_130' title='bbox 1085 2047 1151 2111; x_wconf 88' lang='lat' dir='ltr'>sint</span> <span class='ocrx_word' id='word_1_131' title='bbox 1165 2066 1343 2110; x_wconf 88' lang='lat' dir='ltr'>consensus</span> <span class='ocrx_word' id='word_1_132' title='bbox 1352 2045 1379 2086; x_wconf 81' lang='lat'>⁸⁵</span> 
     </span>
     <span class='ocr_line' id='line_1_17' title="bbox 229 2147 1379 2233; baseline 0.003 -24"><span class='ocrx_word' id='word_1_133' title='bbox 229 2147 263 2210; x_wconf 92' lang='lat' dir='ltr'>in</span> <span class='ocrx_word' id='word_1_134' title='bbox 286 2149 477 2231; x_wconf 89' lang='lat' dir='ltr'>corporibus</span> <span class='ocrx_word' id='word_1_135' title='bbox 499 2149 695 2227; x_wconf 87' lang='lat' dir='ltr'>inanimatis,</span> <span class='ocrx_word' id='word_1_136' title='bbox 718 2159 769 2212; x_wconf 92' lang='lat' dir='ltr'>tot</span> <span class='ocrx_word' id='word_1_137' title='bbox 792 2150 920 2233; x_wconf 92' lang='lat' dir='ltr'>possint</span> <span class='ocrx_word' id='word_1_138' title='bbox 943 2170 1015 2214; x_wconf 89' lang='lat' dir='ltr'>esse</span> <span class='ocrx_word' id='word_1_139' title='bbox 1037 2169 1151 2214; x_wconf 87' lang='lat' dir='ltr'>sensus</span> <span class='ocrx_word' id='word_1_140' title='bbox 1175 2151 1206 2214; x_wconf 94' lang='lat' dir='ltr'>in</span> <span class='ocrx_word' id='word_1_141' title='bbox 1230 2151 1379 2216; x_wconf 89' lang='lat' dir='ltr'>animali-</span> 
     </span>
     <span class='ocr_line' id='line_1_18' title="bbox 229 2251 1378 2338; baseline 0.003 -24"><span class='ocrx_word' id='word_1_142' title='bbox 229 2252 302 2328; x_wconf 90' lang='lat' dir='ltr'>bus,</span> <span class='ocrx_word' id='word_1_143' title='bbox 324 2253 352 2316; x_wconf 94' lang='lat' dir='ltr'>si</span> <span class='ocrx_word' id='word_1_144' title='bbox 373 2261 481 2316; x_wconf 91' lang='lat' dir='ltr'>essent</span> <span class='ocrx_word' id='word_1_145' title='bbox 502 2251 738 2336; x_wconf 83' lang='lat' dir='ltr'>perforationes</span> <span class='ocrx_word' id='word_1_146' title='bbox 757 2254 790 2317; x_wconf 91' lang='lat' dir='ltr'>in</span> <span class='ocrx_word' id='word_1_147' title='bbox 808 2273 946 2338; x_wconf 90' lang='lat' dir='ltr'>corpore</span> <span class='ocrx_word' id='word_1_148' title='bbox 965 2254 1112 2319; x_wconf 91' lang='lat' dir='ltr'>animato</span> <span class='ocrx_word' id='word_1_149' title='bbox 1130 2255 1173 2319; x_wconf 91' lang='lat' dir='ltr'>ad</span> <span class='ocrx_word' id='word_1_150' title='bbox 1195 2255 1378 2320; x_wconf 91' lang='lat' dir='ltr'>discursum</span> 
     </span>
     <span class='ocr_line' id='line_1_19' title="bbox 229 2354 1379 2441; baseline 0.002 -21"><span class='ocrx_word' id='word_1_151' title='bbox 229 2356 364 2440; x_wconf 86' lang='lat' dir='ltr'>spiritus</span> <span class='ocrx_word' id='word_1_152' title='bbox 390 2354 539 2420; x_wconf 88' lang='lat' dir='ltr'>animalis</span> <span class='ocrx_word' id='word_1_153' title='bbox 564 2356 597 2419; x_wconf 92' lang='lat' dir='ltr'>in</span> <span class='ocrx_word' id='word_1_154' title='bbox 623 2358 807 2422; x_wconf 85' lang='lat' dir='ltr'>membrum</span> <span class='ocrx_word' id='word_1_155' title='bbox 835 2359 897 2422; x_wconf 91' lang='lat' dir='ltr'>rite</span> <span class='ocrx_word' id='word_1_156' title='bbox 926 2358 1135 2440; x_wconf 90' lang='lat' dir='ltr'>dispositum,</span> <span class='ocrx_word' id='word_1_157' title='bbox 1159 2369 1318 2441; x_wconf 91' lang='lat' dir='ltr'>tanquam</span> <span class='ocrx_word' id='word_1_158' title='bbox 1346 2360 1379 2422; x_wconf 89' lang='lat' dir='ltr'>iu</span> 
     </span>
     <span class='ocr_line' id='line_1_20' title="bbox 231 2461 1380 2545; baseline 0.002 -20"><span class='ocrx_word' id='word_1_159' title='bbox 231 2481 390 2545; x_wconf 89' lang='lat' dir='ltr'>organum</span> <span class='ocrx_word' id='word_1_160' title='bbox 407 2461 570 2525; x_wconf 90' lang='lat' dir='ltr'>idoneum.</span> <span class='ocrx_word' id='word_1_161' title='bbox 617 2461 664 2526; x_wconf 88' lang='lat' dir='ltr'>Et</span> <span class='ocrx_word' id='word_1_162' title='bbox 682 2482 801 2536; x_wconf 90' lang='lat' dir='ltr'>rursus,</span> <span class='ocrx_word' id='word_1_163' title='bbox 817 2471 898 2544; x_wconf 91' lang='lat' dir='ltr'>quot</span> <span class='ocrx_word' id='word_1_164' title='bbox 914 2461 978 2526; x_wconf 91' lang='lat' dir='ltr'>sint</span> <span class='ocrx_word' id='word_1_165' title='bbox 994 2481 1108 2526; x_wconf 90' lang='lat' dir='ltr'>sensus</span> <span class='ocrx_word' id='word_1_166' title='bbox 1124 2463 1156 2525; x_wconf 93' lang='lat' dir='ltr'>in</span> <span class='ocrx_word' id='word_1_167' title='bbox 1172 2461 1380 2541; x_wconf 90' lang='lat' dir='ltr'>animalibus,</span> 
     </span>
     <span class='ocr_line' id='line_1_21' title="bbox 231 2565 1380 2650; baseline 0.004 -23"><span class='ocrx_word' id='word_1_168' title='bbox 231 2575 282 2628; x_wconf 94' lang='lat' dir='ltr'>tot</span> <span class='ocrx_word' id='word_1_169' title='bbox 305 2565 370 2630; x_wconf 91' lang='lat' dir='ltr'>sint</span> <span class='ocrx_word' id='word_1_170' title='bbox 392 2565 610 2649; x_wconf 91' lang='lat' dir='ltr'>proculdubio</span> <span class='ocrx_word' id='word_1_171' title='bbox 628 2575 738 2629; x_wconf 90' lang='lat' dir='ltr'>motus</span> <span class='ocrx_word' id='word_1_172' title='bbox 759 2567 944 2650; x_wconf 88' lang='lat' dir='ltr'>incorpore</span> <span class='ocrx_word' id='word_1_173' title='bbox 967 2567 1147 2629; x_wconf 89' lang='lat' dir='ltr'>inanimato</span> <span class='ocrx_word' id='word_1_174' title='bbox 1166 2566 1223 2630; x_wconf 91' lang='lat' dir='ltr'>ubi</span> <span class='ocrx_word' id='word_1_175' title='bbox 1245 2567 1380 2650; x_wconf 91' lang='lat' dir='ltr'>spiritus</span> 
     </span>
     <span class='ocr_line' id='line_1_22' title="bbox 230 2667 1379 2753; baseline 0.003 -22"><span class='ocrx_word' id='word_1_176' title='bbox 230 2667 380 2733; x_wconf 90' lang='lat' dir='ltr'>animalis</span> <span class='ocrx_word' id='word_1_177' title='bbox 394 2669 554 2746; x_wconf 86' lang='lat' dir='ltr'>abfuerit3</span> <span class='ocrx_word' id='word_1_178' title='bbox 578 2668 653 2734; x_wconf 90' lang='lat' dir='ltr'>licet</span> <span class='ocrx_word' id='word_1_179' title='bbox 670 2689 803 2735; x_wconf 92' lang='lat' dir='ltr'>necesse</span> <span class='ocrx_word' id='word_1_180' title='bbox 817 2671 860 2733; x_wconf 94' lang='lat' dir='ltr'>sit</span> <span class='ocrx_word' id='word_1_181' title='bbox 876 2668 982 2733; x_wconf 91' lang='lat' dir='ltr'>multo</span> <span class='ocrx_word' id='word_1_182' title='bbox 1000 2669 1110 2753; x_wconf 90' lang='lat' dir='ltr'>plures</span> <span class='ocrx_word' id='word_1_183' title='bbox 1126 2689 1198 2733; x_wconf 90' lang='lat' dir='ltr'>esse</span> <span class='ocrx_word' id='word_1_184' title='bbox 1214 2680 1324 2735; x_wconf 89' lang='lat' dir='ltr'>motus</span> <span class='ocrx_word' id='word_1_185' title='bbox 1347 2671 1379 2734; x_wconf 95' lang='lat' dir='ltr'>in</span> 
     </span>
     <span class='ocr_line' id='line_1_23' title="bbox 232 2772 1380 2857; baseline 0.001 -22"><span class='ocrx_word' id='word_1_186' title='bbox 232 2773 424 2855; x_wconf 87' lang='lat' dir='ltr'>corporibus</span> <span class='ocrx_word' id='word_1_187' title='bbox 439 2772 625 2837; x_wconf 91' lang='lat' dir='ltr'>inanimatis</span> <span class='ocrx_word' id='word_1_188' title='bbox 641 2793 741 2856; x_wconf 91' lang='lat' dir='ltr'>quam</span> <span class='ocrx_word' id='word_1_189' title='bbox 759 2794 874 2838; x_wconf 89' lang='lat' dir='ltr'>sensus</span> <span class='ocrx_word' id='word_1_190' title='bbox 891 2775 923 2836; x_wconf 93' lang='lat' dir='ltr'>in</span> <span class='ocrx_word' id='word_1_191' title='bbox 939 2773 1102 2851; x_wconf 89' lang='lat' dir='ltr'>animatis,</span> <span class='ocrx_word' id='word_1_192' title='bbox 1118 2784 1253 2857; x_wconf 91' lang='lat' dir='ltr'>propter</span> <span class='ocrx_word' id='word_1_193' title='bbox 1268 2774 1380 2857; x_wconf 91' lang='lat' dir='ltr'>pauci-</span> 
     </span>
     <span class='ocr_line' id='line_1_24' title="bbox 231 2877 1381 2960; baseline 0.001 -20"><span class='ocrx_word' id='word_1_194' title='bbox 231 2887 335 2940; x_wconf 90' lang='lat' dir='ltr'>tatem</span> <span class='ocrx_word' id='word_1_195' title='bbox 356 2897 553 2959; x_wconf 88' lang='lat' dir='ltr'>organorum</span> <span class='ocrx_word' id='word_1_196' title='bbox 573 2898 696 2942; x_wconf 91' lang='lat' dir='ltr'>sensus.</span> <span class='ocrx_word' id='word_1_197' title='bbox 743 2877 859 2960; x_wconf 88' lang='lat' dir='ltr'>Atque</span> <span class='ocrx_word' id='word_1_198' title='bbox 874 2877 971 2960; x_wconf 89' lang='lat' dir='ltr'>hujus</span> <span class='ocrx_word' id='word_1_199' title='bbox 993 2879 1037 2940; x_wconf 88' lang='lat' dir='ltr'>rei</span> <span class='ocrx_word' id='word_1_200' title='bbox 1058 2878 1202 2943; x_wconf 91' lang='lat' dir='ltr'>ostendit</span> <span class='ocrx_word' id='word_1_201' title='bbox 1217 2899 1252 2943; x_wconf 88' lang='lat' dir='ltr'>se</span> <span class='ocrx_word' id='word_1_202' title='bbox 1267 2898 1381 2942; x_wconf 90' lang='lat' dir='ltr'>exem-</span> 
     </span>
     <span class='ocr_line' id='line_1_25' title="bbox 231 2979 1382 3064; baseline 0.002 -21"><span class='ocrx_word' id='word_1_203' title='bbox 231 2979 324 3063; x_wconf 92' lang='lat' dir='ltr'>plum</span> <span class='ocrx_word' id='word_1_204' title='bbox 353 2981 451 3044; x_wconf 88' lang='lat' dir='ltr'>valde</span> <span class='ocrx_word' id='word_1_205' title='bbox 481 2981 690 3046; x_wconf 90' lang='lat' dir='ltr'>manifestum</span> <span class='ocrx_word' id='word_1_206' title='bbox 720 2983 754 3044; x_wconf 94' lang='lat' dir='ltr'>in</span> <span class='ocrx_word' id='word_1_207' title='bbox 781 2981 960 3046; x_wconf 88' lang='lat' dir='ltr'>doloribus.</span> <span class='ocrx_word' id='word_1_208' title='bbox 1014 2981 1149 3044; x_wconf 89' lang='lat' dir='ltr'>Etenim</span> <span class='ocrx_word' id='word_1_209' title='bbox 1182 3001 1286 3064; x_wconf 91' lang='lat' dir='ltr'>quum</span> <span class='ocrx_word' id='word_1_210' title='bbox 1316 2981 1382 3045; x_wconf 93' lang='lat' dir='ltr'>sint</span> 
     </span>
     <span class='ocr_line' id='line_1_26' title="bbox 233 3083 1382 3170; baseline 0 -22"><span class='ocrx_word' id='word_1_211' title='bbox 233 3086 328 3168; x_wconf 89' lang='lat' dir='ltr'>plura</span> <span class='ocrx_word' id='word_1_212' title='bbox 361 3105 481 3170; x_wconf 89' lang='lat' dir='ltr'>genera</span> <span class='ocrx_word' id='word_1_213' title='bbox 511 3085 634 3150; x_wconf 92' lang='lat' dir='ltr'>doloris</span> <span class='ocrx_word' id='word_1_214' title='bbox 660 3086 693 3149; x_wconf 91' lang='lat' dir='ltr'>in</span> <span class='ocrx_word' id='word_1_215' title='bbox 719 3083 924 3162; x_wconf 87' lang='lat' dir='ltr'>animalibus,</span> <span class='ocrx_word' id='word_1_216' title='bbox 947 3095 980 3150; x_wconf 90' lang='lat' dir='ltr'>et</span> <span class='ocrx_word' id='word_1_217' title='bbox 1007 3095 1166 3167; x_wconf 87' lang='lat' dir='ltr'>tanquam</span> <span class='ocrx_word' id='word_1_218' title='bbox 1188 3085 1268 3148; x_wconf 90' lang='lat' dir='ltr'>varii</span> <span class='ocrx_word' id='word_1_219' title='bbox 1296 3084 1382 3149; x_wconf 93' lang='lat' dir='ltr'>illius</span> 
     </span>
    </p>
   </div>
   <div class='ocr_carea' id='block_1_3' title="bbox 233 3272 1384 4080">
    <p class='ocr_par' dir='ltr' id='par_1_4' title="bbox 233 3272 1381 3430">
     <span class='ocr_line' id='line_1_27' title="bbox 269 3272 1381 3346; baseline 0 -16"><span class='ocrx_word' id='word_1_220' title='bbox 269 3272 292 3306; x_wconf 79' lang='lat'>⁸¹</span> <span class='ocrx_word' id='word_1_221' title='bbox 309 3275 380 3330; x_wconf 85' lang='lat' dir='ltr'>This</span> <span class='ocrx_word' id='word_1_222' title='bbox 398 3274 422 3329; x_wconf 92' lang='lat' dir='ltr'>is</span> <span class='ocrx_word' id='word_1_223' title='bbox 438 3275 537 3344; x_wconf 85' lang='lat' dir='ltr'>hardly</span> <span class='ocrx_word' id='word_1_224' title='bbox 550 3277 598 3331; x_wconf 90' lang='lat' dir='ltr'>the</span> <span class='ocrx_word' id='word_1_225' title='bbox 614 3293 689 3332; x_wconf 84' lang='lat' dir='ltr'>case.</span> <span class='ocrx_word' id='word_1_226' title='bbox 724 3277 854 3345; x_wconf 84' lang='lat' dir='ltr'>Analogy</span> <span class='ocrx_word' id='word_1_227' title='bbox 866 3275 918 3330; x_wconf 88' lang='lat' dir='ltr'>has</span> <span class='ocrx_word' id='word_1_228' title='bbox 935 3274 1036 3346; x_wconf 88' lang='lat' dir='ltr'>played</span> <span class='ocrx_word' id='word_1_229' title='bbox 1053 3291 1089 3328; x_wconf 89' lang='lat' dir='ltr'>an</span> <span class='ocrx_word' id='word_1_230' title='bbox 1105 3275 1257 3344; x_wconf 88' lang='lat' dir='ltr'>important</span> <span class='ocrx_word' id='word_1_231' title='bbox 1273 3284 1335 3346; x_wconf 88' lang='lat' dir='ltr'>part</span> <span class='ocrx_word' id='word_1_232' title='bbox 1352 3274 1381 3330; x_wconf 88' lang='lat' dir='ltr'>in</span> 
     </span>
     <span class='ocr_line' id='line_1_28' title="bbox 233 3357 1348 3430; baseline 0.001 -16"><span class='ocrx_word' id='word_1_233' title='bbox 233 3358 397 3430; x_wconf 81' lang='lat' dir='ltr'>suggesting</span> <span class='ocrx_word' id='word_1_234' title='bbox 408 3359 456 3414; x_wconf 87' lang='lat' dir='ltr'>the</span> <span class='ocrx_word' id='word_1_235' title='bbox 469 3360 536 3414; x_wconf 84' lang='lat' dir='ltr'>laws</span> <span class='ocrx_word' id='word_1_236' title='bbox 548 3360 579 3414; x_wconf 90' lang='lat' dir='ltr'>ol</span> <span class='ocrx_word' id='word_1_237' title='bbox 588 3359 681 3428; x_wconf 84' lang='lat' dir='ltr'>Light,</span> <span class='ocrx_word' id='word_1_238' title='bbox 696 3359 782 3425; x_wconf 72' lang='lat' dir='ltr'>fleat,</span> <span class='ocrx_word' id='word_1_239' title='bbox 795 3358 902 3427; x_wconf 90' lang='lat' dir='ltr'>Sound‚</span> <span class='ocrx_word' id='word_1_240' title='bbox 915 3357 1085 3427; x_wconf 88' lang='lat' dir='ltr'>Electricity‚</span> <span class='ocrx_word' id='word_1_241' title='bbox 1099 3357 1284 3426; x_wconf 86' lang='lat' dir='ltr'>Gravitation‚</span> <span class='ocrx_word' id='word_1_242' title='bbox 1297 3358 1348 3415; x_wconf 78' lang='lat' dir='ltr'>dcc.</span> 
     </span>
    </p>

    <p class='ocr_par' dir='ltr' id='par_1_5' title="bbox 233 3440 1384 3845">
     <span class='ocr_line' id='line_1_29' title="bbox 268 3440 1382 3513; baseline -0.002 -15"><span class='ocrx_word' id='word_1_243' title='bbox 268 3441 291 3472; x_wconf 78' lang='lat'>⁸³</span> <span class='ocrx_word' id='word_1_244' title='bbox 309 3443 364 3498; x_wconf 88' lang='lat' dir='ltr'>See</span> <span class='ocrx_word' id='word_1_245' title='bbox 385 3451 451 3497; x_wconf 91' lang='lat' dir='ltr'>note</span> <span class='ocrx_word' id='word_1_246' title='bbox 472 3459 508 3496; x_wconf 93' lang='lat' dir='ltr'>on</span> <span class='ocrx_word' id='word_1_247' title='bbox 530 3441 660 3513; x_wconf 83' lang='lat' dir='ltr'>‘spiritus</span> <span class='ocrx_word' id='word_1_248' title='bbox 685 3441 864 3496; x_wconf 87' lang='lat' dir='ltr'>animalium’</span> <span class='ocrx_word' id='word_1_249' title='bbox 887 3441 916 3496; x_wconf 91' lang='lat' dir='ltr'>in</span> <span class='ocrx_word' id='word_1_250' title='bbox 937 3442 1011 3512; x_wconf 86' lang='lat' dir='ltr'>Aph.</span> <span class='ocrx_word' id='word_1_251' title='bbox 1035 3455 1075 3510; x_wconf 90' lang='lat'>13.</span> <span class='ocrx_word' id='word_1_252' title='bbox 1098 3443 1166 3496; x_wconf 83' lang='lat' dir='ltr'>lust</span> <span class='ocrx_word' id='word_1_253' title='bbox 1190 3442 1233 3510; x_wconf 85' lang='lat'>38,</span> <span class='ocrx_word' id='word_1_254' title='bbox 1253 3440 1311 3495; x_wconf 91' lang='lat' dir='ltr'>and</span> <span class='ocrx_word' id='word_1_255' title='bbox 1335 3440 1382 3497; x_wconf 88' lang='lat' dir='ltr'>the</span> 
     </span>
     <span class='ocr_line' id='line_1_30' title="bbox 233 3523 1382 3596; baseline -0.002 -16"><span class='ocrx_word' id='word_1_256' title='bbox 233 3541 353 3596; x_wconf 78' lang='lat' dir='ltr'>passage</span> <span class='ocrx_word' id='word_1_257' title='bbox 372 3524 400 3580; x_wconf 87' lang='lat' dir='ltr'>in</span> <span class='ocrx_word' id='word_1_258' title='bbox 418 3525 466 3581; x_wconf 91' lang='lat' dir='ltr'>the</span> <span class='ocrx_word' id='word_1_259' title='bbox 487 3525 613 3580; x_wconf 86' lang='lat' dir='ltr'>Historia</span> <span class='ocrx_word' id='word_1_260' title='bbox 625 3525 707 3581; x_wconf 91' lang='lat' dir='ltr'>Vitae</span> <span class='ocrx_word' id='word_1_261' title='bbox 725 3533 753 3579; x_wconf 89' lang='lat' dir='ltr'>et</span> <span class='ocrx_word' id='word_1_262' title='bbox 774 3523 874 3580; x_wconf 88' lang='lat' dir='ltr'>Mortis</span> <span class='ocrx_word' id='word_1_263' title='bbox 895 3525 940 3594; x_wconf 88' lang='lat' dir='ltr'>(E.</span> <span class='ocrx_word' id='word_1_264' title='bbox 953 3524 1010 3579; x_wconf 85' lang='lat' dir='ltr'>and</span> <span class='ocrx_word' id='word_1_265' title='bbox 1024 3525 1062 3589; x_wconf 75' lang='lat' dir='ltr'>S,</span> <span class='ocrx_word' id='word_1_266' title='bbox 1076 3526 1129 3579; x_wconf 90' lang='lat' dir='ltr'>vol.</span> <span class='ocrx_word' id='word_1_267' title='bbox 1143 3523 1170 3578; x_wconf 91' lang='lat' dir='ltr'>ii.</span> <span class='ocrx_word' id='word_1_268' title='bbox 1183 3539 1230 3595; x_wconf 89' lang='lat' dir='ltr'>pp.</span> <span class='ocrx_word' id='word_1_269' title='bbox 1244 3539 1304 3592; x_wconf 80' lang='lat'>214,</span> <span class='ocrx_word' id='word_1_270' title='bbox 1318 3523 1382 3594; x_wconf 84' lang='lat'>215)</span> 
     </span>
     <span class='ocr_line' id='line_1_31' title="bbox 233 3606 1383 3678; baseline 0 -16"><span class='ocrx_word' id='word_1_271' title='bbox 233 3609 312 3664; x_wconf 89' lang='lat' dir='ltr'>there</span> <span class='ocrx_word' id='word_1_272' title='bbox 324 3607 444 3665; x_wconf 79' lang='lat' dir='ltr'>referred</span> <span class='ocrx_word' id='word_1_273' title='bbox 456 3618 494 3663; x_wconf 87' lang='lat' dir='ltr'>to.</span> <span class='ocrx_word' id='word_1_274' title='bbox 531 3610 565 3662; x_wconf 90' lang='lat' dir='ltr'>ln</span> <span class='ocrx_word' id='word_1_275' title='bbox 578 3608 626 3664; x_wconf 88' lang='lat' dir='ltr'>the</span> <span class='ocrx_word' id='word_1_276' title='bbox 638 3609 720 3663; x_wconf 89' lang='lat' dir='ltr'>latter</span> <span class='ocrx_word' id='word_1_277' title='bbox 732 3624 861 3678; x_wconf 82' lang='lat' dir='ltr'>passage,</span> <span class='ocrx_word' id='word_1_278' title='bbox 875 3611 971 3664; x_wconf 89' lang='lat' dir='ltr'>Bacon</span> <span class='ocrx_word' id='word_1_279' title='bbox 984 3606 1184 3676; x_wconf 84' lang='lat' dir='ltr'>distinguishes</span> <span class='ocrx_word' id='word_1_280' title='bbox 1196 3609 1321 3662; x_wconf 88' lang='lat' dir='ltr'>between</span> <span class='ocrx_word' id='word_1_281' title='bbox 1334 3608 1383 3662; x_wconf 88' lang='lat' dir='ltr'>the</span> 
     </span>
     <span class='ocr_line' id='line_1_32' title="bbox 235 3689 1384 3762; baseline 0 -16"><span class='ocrx_word' id='word_1_282' title='bbox 235 3690 366 3762; x_wconf 85' lang='lat' dir='ltr'>‘spiritus</span> <span class='ocrx_word' id='word_1_283' title='bbox 388 3691 557 3760; x_wconf 66' lang='lat' dir='ltr'>normales:</span> <span class='ocrx_word' id='word_1_284' title='bbox 576 3691 633 3746; x_wconf 89' lang='lat' dir='ltr'>and</span> <span class='ocrx_word' id='word_1_285' title='bbox 655 3692 703 3747; x_wconf 91' lang='lat' dir='ltr'>the</span> <span class='ocrx_word' id='word_1_286' title='bbox 724 3690 855 3762; x_wconf 78' lang='lat' dir='ltr'>‘spiritus</span> <span class='ocrx_word' id='word_1_287' title='bbox 876 3690 987 3746; x_wconf 88' lang='lat' dir='ltr'>vitalis&#39;</span> <span class='ocrx_word' id='word_1_288' title='bbox 1010 3691 1053 3761; x_wconf 82' lang='lat' dir='ltr'>(or</span> <span class='ocrx_word' id='word_1_289' title='bbox 1073 3689 1225 3760; x_wconf 80' lang='lat' dir='ltr'>animatus)</span> <span class='ocrx_word' id='word_1_290' title='bbox 1247 3690 1337 3746; x_wconf 84' lang='lat' dir='ltr'>which</span> <span class='ocrx_word' id='word_1_291' title='bbox 1360 3689 1384 3746; x_wconf 87' lang='lat' dir='ltr'>is</span> 
     </span>
     <span class='ocr_line' id='line_1_33' title="bbox 234 3773 812 3845; baseline -0.002 -16"><span class='ocrx_word' id='word_1_292' title='bbox 234 3773 443 3845; x_wconf 83' lang='lat' dir='ltr'>‘superadded’</span> <span class='ocrx_word' id='word_1_293' title='bbox 457 3773 485 3828; x_wconf 92' lang='lat' dir='ltr'>in</span> <span class='ocrx_word' id='word_1_294' title='bbox 498 3775 535 3829; x_wconf 86' lang='lat' dir='ltr'>all</span> <span class='ocrx_word' id='word_1_295' title='bbox 547 3775 690 3830; x_wconf 89' lang='lat' dir='ltr'>animated</span> <span class='ocrx_word' id='word_1_296' title='bbox 702 3773 812 3842; x_wconf 84' lang='lat' dir='ltr'>beings.</span> 
     </span>
    </p>

    <p class='ocr_par' dir='ltr' id='par_1_6' title="bbox 235 3853 1384 4080">
     <span class='ocr_line' id='line_1_34' title="bbox 272 3853 1384 3927; baseline -0.001 -15"><span class='ocrx_word' id='word_1_297' title='bbox 272 3860 306 3912; x_wconf 89' lang='lat' dir='ltr'>ln</span> <span class='ocrx_word' id='word_1_298' title='bbox 324 3858 352 3912; x_wconf 92' lang='lat' dir='ltr'>ii.</span> <span class='ocrx_word' id='word_1_299' title='bbox 370 3872 407 3925; x_wconf 87' lang='lat'>40</span> <span class='ocrx_word' id='word_1_300' title='bbox 424 3859 502 3912; x_wconf 88' lang='lat' dir='ltr'>there</span> <span class='ocrx_word' id='word_1_301' title='bbox 521 3875 569 3912; x_wconf 88' lang='lat' dir='ltr'>are</span> <span class='ocrx_word' id='word_1_302' title='bbox 588 3874 666 3912; x_wconf 86' lang='lat' dir='ltr'>some</span> <span class='ocrx_word' id='word_1_303' title='bbox 684 3857 836 3926; x_wconf 87' lang='lat' dir='ltr'>extremely</span> <span class='ocrx_word' id='word_1_304' title='bbox 854 3855 966 3911; x_wconf 90' lang='lat' dir='ltr'>curious</span> <span class='ocrx_word' id='word_1_305' title='bbox 985 3853 1172 3927; x_wconf 90' lang='lat' dir='ltr'>speculations</span> <span class='ocrx_word' id='word_1_306' title='bbox 1192 3872 1229 3909; x_wconf 91' lang='lat' dir='ltr'>on</span> <span class='ocrx_word' id='word_1_307' title='bbox 1248 3855 1338 3910; x_wconf 89' lang='lat' dir='ltr'>‘actio</span> <span class='ocrx_word' id='word_1_308' title='bbox 1356 3867 1384 3912; x_wconf 89' lang='lat' dir='ltr'>et</span> 
     </span>
     <span class='ocr_line' id='line_1_35' title="bbox 235 3937 1384 4012; baseline -0.003 -16"><span class='ocrx_word' id='word_1_309' title='bbox 235 3951 328 3997; x_wconf 86' lang='lat' dir='ltr'>motus</span> <span class='ocrx_word' id='word_1_310' title='bbox 346 3940 468 4011; x_wconf 88' lang='lat' dir='ltr'>spiritus,</span> <span class='ocrx_word' id='word_1_311' title='bbox 481 3939 528 4012; x_wconf 92' lang='lat' dir='ltr'>qui</span> <span class='ocrx_word' id='word_1_312' title='bbox 546 3940 696 3995; x_wconf 88' lang='lat' dir='ltr'>includitur</span> <span class='ocrx_word' id='word_1_313' title='bbox 712 3939 741 3994; x_wconf 90' lang='lat' dir='ltr'>in</span> <span class='ocrx_word' id='word_1_314' title='bbox 758 3938 921 4010; x_wconf 89' lang='lat' dir='ltr'>corporibus</span> <span class='ocrx_word' id='word_1_315' title='bbox 937 3938 1134 4008; x_wconf 85' lang='lat' dir='ltr'>tangibilibus.’</span> <span class='ocrx_word' id='word_1_316' title='bbox 1173 3939 1225 4008; x_wconf 88' lang='lat' dir='ltr'>Cp.</span> <span class='ocrx_word' id='word_1_317' title='bbox 1238 3939 1297 3993; x_wconf 90' lang='lat' dir='ltr'>also</span> <span class='ocrx_word' id='word_1_318' title='bbox 1310 3937 1327 3994; x_wconf 90' lang='lat' dir='ltr'>i.</span> <span class='ocrx_word' id='word_1_319' title='bbox 1341 3951 1384 4008; x_wconf 78' lang='lat'>50,</span> 
     </span>
     <span class='ocr_line' id='line_1_36' title="bbox 236 4024 435 4080; baseline -0.01 0"><span class='ocrx_word' id='word_1_320' title='bbox 236 4024 302 4080; x_wconf 86' lang='lat' dir='ltr'>with</span> <span class='ocrx_word' id='word_1_321' title='bbox 314 4035 380 4080; x_wconf 91' lang='lat' dir='ltr'>note</span> <span class='ocrx_word' id='word_1_322' title='bbox 393 4025 435 4078; x_wconf 82' lang='lat'>82.</span> 
     </span>
    </p>
   </div>
   <div class='ocr_carea' id='block_1_4' title="bbox 236 4089 1389 4594">
    <p class='ocr_par' dir='ltr' id='par_1_7' title="bbox 236 4089 1389 4594">
     <span class='ocr_line' id='line_1_37' title="bbox 271 4089 1387 4178; baseline -0.004 -16"><span class='ocrx_word' id='word_1_323' title='bbox 271 4107 293 4138; x_wconf 73' lang='lat'>⁸⁴</span> <span class='ocrx_word' id='word_1_324' title='bbox 312 4110 363 4162; x_wconf 90' lang='lat' dir='ltr'>Dr.</span> <span class='ocrx_word' id='word_1_325' title='bbox 389 4105 506 4162; x_wconf 91' lang='lat' dir='ltr'>Kitcbin</span> <span class='ocrx_word' id='word_1_326' title='bbox 533 4123 667 4178; x_wconf 90' lang='lat' dir='ltr'>proposes</span> <span class='ocrx_word' id='word_1_327' title='bbox 693 4105 717 4176; x_wconf 89' lang='lat' dir='ltr'>(l</span> <span class='ocrx_word' id='word_1_328' title='bbox 748 4089 829 4160; x_wconf 88' lang='lat' dir='ltr'>think</span> <span class='ocrx_word' id='word_1_329' title='bbox 857 4103 1026 4174; x_wconf 86' lang='lat' dir='ltr'>needlessly)</span> <span class='ocrx_word' id='word_1_330' title='bbox 1052 4115 1081 4158; x_wconf 86' lang='lat' dir='ltr'>to</span> <span class='ocrx_word' id='word_1_331' title='bbox 1108 4103 1176 4158; x_wconf 88' lang='lat' dir='ltr'>read</span> <span class='ocrx_word' id='word_1_332' title='bbox 1201 4102 1286 4158; x_wconf 77' lang='lat' dir='ltr'>‘rite’</span> <span class='ocrx_word' id='word_1_333' title='bbox 1322 4102 1387 4158; x_wconf 87' lang='lat' dir='ltr'>‘lta</span> 
     </span>
     <span class='ocr_line' id='line_1_38' title="bbox 236 4184 1387 4262; baseline -0.003 -16"><span class='ocrx_word' id='word_1_334' title='bbox 236 4191 421 4262; x_wconf 85' lang='lat' dir='ltr'>dispositum&#39;</span> <span class='ocrx_word' id='word_1_335' title='bbox 440 4207 538 4246; x_wconf 87' lang='lat' dir='ltr'>means</span> <span class='ocrx_word' id='word_1_336' title='bbox 558 4190 608 4245; x_wconf 87' lang='lat' dir='ltr'>‘so</span> <span class='ocrx_word' id='word_1_337' title='bbox 629 4189 763 4261; x_wconf 88' lang='lat' dir='ltr'>disposed</span> <span class='ocrx_word' id='word_1_338' title='bbox 784 4206 817 4244; x_wconf 91' lang='lat' dir='ltr'>as</span> <span class='ocrx_word' id='word_1_339' title='bbox 839 4199 867 4244; x_wconf 90' lang='lat' dir='ltr'>to</span> <span class='ocrx_word' id='word_1_340' title='bbox 888 4187 996 4244; x_wconf 88' lang='lat' dir='ltr'>receive</span> <span class='ocrx_word' id='word_1_341' title='bbox 1018 4185 1215 4262; x_wconf 70' lang='lat' dir='ltr'>impressions,’</span> <span class='ocrx_word' id='word_1_342' title='bbox 1235 4184 1387 4256; x_wconf 87' lang='lat' dir='ltr'>‘disposed</span> 
     </span>
     <span class='ocr_line' id='line_1_39' title="bbox 236 4275 1387 4427; baseline -0.007 -15"><span class='ocrx_word' id='word_1_343' title='bbox 236 4275 568 4427; x_wconf 42' lang='lat' dir='ltr'>acilor(tili‘gdlrperationes</span> <span class='ocrx_word' id='word_1_344' title='bbox 581 4373 631 4427; x_wconf 89' lang='lat' dir='ltr'>per</span> <span class='ocrx_word' id='word_1_345' title='bbox 643 4373 797 4411; x_wconf 87' lang='lat' dir='ltr'>consensus</span> <span class='ocrx_word' id='word_1_346' title='bbox 810 4363 858 4409; x_wconf 90' lang='lat' dir='ltr'>aut</span> <span class='ocrx_word' id='word_1_347' title='bbox 870 4355 951 4422; x_wconf 87' lang='lat' dir='ltr'>fugas</span> <span class='ocrx_word' id='word_1_348' title='bbox 962 4353 1020 4424; x_wconf 93' lang='lat' dir='ltr'>(qui</span> <span class='ocrx_word' id='word_1_349' title='bbox 1031 4363 1125 4409; x_wconf 86' lang='lat' dir='ltr'>sextus</span> <span class='ocrx_word' id='word_1_350' title='bbox 1138 4351 1241 4406; x_wconf 89' lang='lat' dir='ltr'>modus</span> <span class='ocrx_word' id='word_1_351' title='bbox 1251 4350 1387 4421; x_wconf 89' lang='lat' dir='ltr'>operandi</span> 
     </span>
     <span class='ocr_line' id='line_1_40' title="bbox 236 4433 1389 4510; baseline -0.006 -14"><span class='ocrx_word' id='word_1_352' title='bbox 236 4439 309 4509; x_wconf 86' lang='lat' dir='ltr'>est)‚’</span> <span class='ocrx_word' id='word_1_353' title='bbox 320 4457 366 4496; x_wconf 87' lang='lat' dir='ltr'>see</span> <span class='ocrx_word' id='word_1_354' title='bbox 378 4438 405 4495; x_wconf 92' lang='lat' dir='ltr'>ii.</span> <span class='ocrx_word' id='word_1_355' title='bbox 422 4452 463 4510; x_wconf 83' lang='lat'>50.</span> <span class='ocrx_word' id='word_1_356' title='bbox 490 4442 543 4510; x_wconf 85' lang='lat' dir='ltr'>Cp.</span> <span class='ocrx_word' id='word_1_357' title='bbox 552 4441 612 4494; x_wconf 88' lang='lat' dir='ltr'>also</span> <span class='ocrx_word' id='word_1_358' title='bbox 622 4438 736 4495; x_wconf 85' lang='lat' dir='ltr'>‘Aditus</span> <span class='ocrx_word' id='word_1_359' title='bbox 748 4439 786 4494; x_wconf 89' lang='lat' dir='ltr'>ad</span> <span class='ocrx_word' id='word_1_360' title='bbox 801 4437 957 4493; x_wconf 88' lang='lat' dir='ltr'>Historiam</span> <span class='ocrx_word' id='word_1_361' title='bbox 972 4436 1155 4508; x_wconf 87' lang='lat' dir='ltr'>Sympatbiae</span> <span class='ocrx_word' id='word_1_362' title='bbox 1166 4444 1196 4491; x_wconf 90' lang='lat' dir='ltr'>et</span> <span class='ocrx_word' id='word_1_363' title='bbox 1205 4433 1389 4505; x_wconf 85' lang='lat' dir='ltr'>Antipatbiae</span> 
     </span>
     <span class='ocr_line' id='line_1_41' title="bbox 238 4519 1275 4594; baseline -0.006 -16"><span class='ocrx_word' id='word_1_364' title='bbox 238 4524 359 4579; x_wconf 86' lang='lat' dir='ltr'>Rerum’</span> <span class='ocrx_word' id='word_1_365' title='bbox 373 4524 419 4594; x_wconf 84' lang='lat' dir='ltr'>(E.</span> <span class='ocrx_word' id='word_1_366' title='bbox 431 4523 490 4578; x_wconf 84' lang='lat' dir='ltr'>and</span> <span class='ocrx_word' id='word_1_367' title='bbox 504 4526 541 4591; x_wconf 84' lang='grc'>5.,</span> <span class='ocrx_word' id='word_1_368' title='bbox 555 4524 609 4578; x_wconf 82' lang='grc' dir='ltr'>νοΙ.</span> <span class='ocrx_word' id='word_1_369' title='bbox 622 4521 649 4577; x_wconf 89' lang='lat' dir='ltr'>ii.</span> <span class='ocrx_word' id='word_1_370' title='bbox 662 4539 689 4593; x_wconf 89' lang='lat' dir='ltr'>p.</span> <span class='ocrx_word' id='word_1_371' title='bbox 702 4521 758 4591; x_wconf 89' lang='lat'>81),</span> <span class='ocrx_word' id='word_1_372' title='bbox 773 4522 858 4593; x_wconf 91' lang='lat' dir='ltr'>Sylva</span> <span class='ocrx_word' id='word_1_373' title='bbox 871 4522 1027 4590; x_wconf 87' lang='lat' dir='ltr'>Sylvarum,</span> <span class='ocrx_word' id='word_1_374' title='bbox 1041 4521 1126 4590; x_wconf 74' lang='lat' dir='ltr'>Exps·</span> <span class='ocrx_word' id='word_1_375' title='bbox 1141 4519 1275 4589; x_wconf 76' lang='grc' dir='ltr'><strong>ὅου-830.</strong></span> 
     </span>
    </p>
   </div>
   <div class='ocr_carea' id='block_1_5' title="bbox 772 4605 854 4670">
    <p class='ocr_par' dir='ltr' id='par_1_8' title="bbox 772 4605 854 4670">
     <span class='ocr_line' id='line_1_42' title="bbox 772 4605 854 4670; baseline 0.024 -2"><span class='ocrx_word' id='word_1_376' title='bbox 772 4605 854 4670; x_wconf 75' lang='lat' dir='ltr'>ria</span> 
     </span>
    </p>
   </div>
   <div class='ocr_carea' id='block_1_6' title="bbox 0 0 1691 5152">
    <p class='ocr_par' dir='ltr' id='par_1_9' title="bbox 0 0 1691 5152">
     <span class='ocr_line' id='line_1_43' title="bbox 0 0 1691 5152; baseline 0 0"><span class='ocrx_word' id='word_1_377' title='bbox 0 0 1691 5152; x_wconf 95' lang='lat' dir='ltr'> </span> 
     </span>
    </p>
   </div>
  </div>
 </body>
</html>
