3344 5152
678 334 932 392 PRAEFATIO.
1317 327 1376 410 167

222 519 327 581 quam
355 501 387 564 in
413 499 608 566 inveniendo
638 498 833 566 adhibemus
862 498 1092 578 humilitatem,
1118 501 1257 566 eandem
1284 509 1319 567 et
1345 502 1377 568 in

221 605 377 669 docendo
411 606 540 688 sequuti
574 625 695 669 sumus.
750 605 869 687 Neque
901 605 989 668 enirn
1022 616 1081 670 aut
1113 605 1378 671 confutationum

223 707 412 792 triumphis,
442 720 502 773 aut
531 708 739 791 antiquitatis
768 707 1049 786 advocationibus,
1080 720 1137 773 aut
1167 709 1378 775 authoritatis

222 813 439 895 usurpatione
461 815 616 894 quadam,
634 823 692 877 aut
713 813 814 876 etiam
837 811 1048 876 obscuritatis
1062 812 1145 890 velo,
1166 813 1312 895 aliquam
1328 815 1378 878 his

222 916 347 979 nostris
362 917 501 980 inventis
517 916 726 998 majestatem
744 916 914 997 imponere
930 925 987 980 aut
1006 917 1180 981 conciliare
1199 937 1377 994 conamur;

223 1019 338 1101 qualia
354 1020 495 1103 reperire
511 1041 576 1086 non
590 1020 721 1085 difficile
739 1031 825 1084 esset
840 1019 880 1097 ei,
893 1020 949 1102 qui
962 1019 1086 1083 nomini
1102 1041 1163 1084 suo
1179 1041 1244 1085 non
1260 1021 1378 1086 animis

225 1121 367 1186 aliorum
385 1124 494 1188 lumen
513 1124 682 1188 affundere
696 1132 879 1188 conaretur.
925 1124 1003 1187 Non
1022 1120 1183 1209 (inquam)
1198 1124 1300 1188 ullam
1320 1135 1379 1190 aut

223 1227 294 1290 vim
305 1237 364 1291 aut
375 1228 510 1292 insidias
521 1228 694 1292 hominum
707 1227 839 1309 judiciis
850 1226 987 1291 lecimus
998 1237 1056 1291 aut
1068 1247 1241 1309 paramus;
1263 1249 1377 1292 verum

225 1351 284 1394 eos
299 1334 342 1394 ad
362 1352 412 1395 res
430 1332 518 1415 ipsas
538 1341 574 1396 et
594 1352 702 1395 rerum
723 1329 855 1395 foedera
875 1331 1088 1409 adducimus3
1112 1343 1149 1397 ut
1167 1331 1229 1415 ipsi
1244 1332 1378 1396 videant

224 1434 305 1516 quid
329 1435 484 1512 habeant,
503 1436 584 1518 quid
606 1445 755 1518 arguant,
778 1435 859 1516 quid
880 1435 1005 1499 addant
1026 1445 1127 1517 atque
1150 1435 1377 1500 incommune

223 1537 400 1602 conferant.
446 1540 519 1603 Nos
541 1550 652 1604 autem
675 1539 790 1621 siqua
812 1539 844 1601 in
866 1559 900 1602 re
920 1538 973 1602 vel
996 1539 1083 1603 male
1103 1540 1309 1616 credidimus,
1324 1538 1377 1603 vel

225 1636 487 1701 obdormivimus
509 1649 543 1702 et
569 1639 677 1702 minus
702 1638 914 1714 attendimus,
936 1638 988 1701 vel
1011 1637 1190 1703 defecimus
1214 1639 1246 1702 in
1268 1638 1322 1703 via
1344 1649 1378 1702 et

225 1740 470 1822 inquisitionem
492 1741 693 1824 abrupimus,
716 1741 927 1805 nihilominus
951 1742 989 1806 iis
1012 1743 1120 1807 modis
1143 1764 1193 1806 res
1215 1743 1321 1807 nudas
1344 1752 1377 1805 et

223 1855 356 1926 apertas
371 1845 575 1922 exhibemus,
593 1856 629 1910 ut
644 1865 768 1909 errores
789 1846 901 1922 nostri,
916 1856 1096 1929 antequam
1116 1849 1270 1912 scientiae
1291 1867 1377 1911 mas-

224 1969 296 2012 sam
312 1949 412 2012 altius
427 1949 579 2026 inficiant,
595 1949 704 2013 notari
719 1960 754 2013 et
769 1951 912 2032 separari
928 1950 1074 2032 possint3
1097 1960 1197 2033 atque
1217 1951 1319 2015 etiarn
1340 1962 1377 2015 ut

224 2052 327 2116 facilis
342 2063 375 2117 et
392 2054 551 2136 expedita
565 2053 608 2117 sit
624 2053 774 2117 laborum
796 2063 981 2116 nostrorum
1002 2054 1215 2119 continuatio.
1261 2056 1378 2137 Atque

224 2155 289 2219 hoc
307 2158 408 2220 modo
429 2158 513 2221 inter
536 2157 725 2240 empiricam
744 2167 777 2221 et
799 2155 992 2221 rationalem
1013 2157 1203 2223 facultatem
1224 2155 1376 2243 (quarum

226 2279 357 2324 morosa
383 2271 416 2324 et
439 2261 644 2344 inauspicata
666 2261 807 2324 divortia
830 2271 863 2325 et
886 2261 1025 2345 repudia
1047 2262 1159 2325 omnia
1179 2262 1211 2325 in
1232 2263 1377 2327 humana

224 2363 347 2426 familia
359 2363 546 2448 turbavere)
557 2364 748 2446 conjugium
760 2385 874 2428 verum
891 2379 924 2429 et
936 2365 1121 2448 legitimum
1134 2366 1166 2430 in
1179 2375 1376 2450 perpetuum

223 2487 284 2531 nos
300 2467 445 2532 firmasse
461 2469 701 2532 existimamus.

268 2569 507 2652 Quamobrem,
524 2591 625 2653 quum
641 2570 723 2636 haec
737 2573 863 2636 arbitrii
879 2572 979 2638 nostri
995 2592 1061 2637 non
1077 2573 1152 2650 sint,
1168 2572 1200 2637 in
1216 2572 1376 2657 principio

223 2676 340 2757 operis,
367 2675 408 2738 ad
441 2676 552 2739 Deum
580 2675 721 2752 Patrem,
748 2677 858 2739 Deum
880 2676 1038 2750 Verbum,
1067 2677 1177 2740 Deum
1205 2676 1376 2760 Spiritum,

224 2798 336 2861 preces
372 2779 538 2842 fundimus
576 2779 777 2845 humillimas
816 2789 849 2844 et
886 2780 1141 2854 ardentissimas,
1174 2790 1209 2844 ut
1239 2779 1375 2844 humani

223 2885 352 2966 generis
373 2903 601 2947 aerumnarum
629 2904 792 2948 memores
818 2893 852 2948 et
877 2884 1151 2967 peregrinationis
1173 2883 1267 2948 istius
1287 2884 1377 2947 vitae

226 2989 257 3050 in
280 3008 345 3069 qua
365 2988 434 3050 dies
455 3007 578 3070 paucos
596 2998 630 3052 et
651 2988 757 3052 malos
778 2989 922 3064 terimus,
947 2988 1041 3051 novis
1061 2987 1127 3052 suis
1149 2986 1375 3069 elecmosynis,

225 3111 282 3174 per
311 3111 427 3154 manus
458 3101 599 3168 nostras,
630 3092 789 3155 familiam
827 3089 1005 3154 humanam
1043 3092 1162 3155 dotare
1190 3092 1373 3174 dignentur.

224 3193 338 3277 Atque
366 3194 445 3259 illud
472 3196 604 3278 insuper
633 3196 798 3280 supplices
826 3215 989 3278 rogamus,
1020 3215 1061 3258 ne
1088 3195 1231 3259 humana
1257 3195 1374 3259 divinis

223 3298 377 3372 officiant,
406 3319 488 3362 neve
520 3319 566 3361 ex
598 3301 796 3364 reseratione
820 3300 946 3361 viarum
976 3318 1090 3362 sensus
1120 3307 1154 3362 et
1183 3299 1375 3363 accensione

225 3402 348 3482 majore
367 3403 498 3466 luminis
513 3403 671 3468 naturalis
686 3404 811 3486 aliquid
828 3402 1066 3467 incredulitatis
1087 3411 1121 3465 ct
1137 3402 1244 3466 noctis
1258 3402 1375 3466 animis

223 3506 343 3570 nostris
372 3527 450 3589 erga
482 3507 594 3569 divina
621 3507 779 3588 mysteria
807 3506 994 3570 oboriatur:
1026 3507 1085 3570 sed
1115 3506 1235 3587 potius,
1265 3515 1302 3570 ut
1331 3505 1374 3569 ab

223 3608 389 3672 intellectu
412 3630 504 3692 puro,
527 3631 548 3674 a
570 3610 749 3692 phantasiis
771 3620 806 3674 et
828 3610 976 3675 vanitate
998 3619 1176 3693 repurgato
1198 3617 1233 3673 et
1255 3608 1374 3672 divinis

223 3712 364 3776 oraculis
386 3713 599 3778 nihilominus
619 3716 753 3778 subdito
773 3724 807 3778 et
828 3733 959 3796 prorsus
977 3713 1138 3789 dedititio,
1157 3712 1233 3776 fidei
1257 3713 1375 3776 dentur

222 3836 308 3898 quae
335 3817 412 3880 fidei
437 3828 523 3881 sunt.
571 3819 752 3894 Postremo,
775 3827 813 3881 ut
839 3818 997 3883 scientiae
1022 3836 1149 3880 veneno
1176 3837 1196 3879 a
1222 3826 1374 3900 serpente

224 3921 339 3998 infuso,
360 3941 428 4003 quo
447 3922 574 3986 animus
594 3922 758 3986 humanus
778 3931 884 3984 tumet
906 3931 939 3986 et
962 3919 1105 3994 inflatur,
1128 3919 1290 4001 deposito,
1314 3937 1373 3982 nec

223 4021 327 4084 altum
342 4022 509 4104 sapiamus
523 4042 584 4086 nec
607 4021 692 4085 ultra
711 4021 865 4098 sobrium,
886 4023 943 4085 sed
965 4019 1138 4084 veritatem
1160 4018 1193 4080 in
1214 4016 1374 4082 charitate

222 4125 380 4190 colamus.

267 4228 411 4293 Peractis
441 4240 551 4292 autem
582 4230 679 4307 votis,
712 4230 754 4293 ad
785 4228 936 4294 homines
966 4225 1122 4301 conversi,
1148 4225 1312 4307 quaedam
1339 4233 1372 4290 et

224 4332 378 4397 salutaria
402 4353 572 4396 monemus
592 4343 626 4396 et
646 4353 754 4415 aequa
775 4332 986 4415 postulamus.
1034 4330 1211 4394 Monemus
1229 4329 1371 4412 primum

223 4434 325 4523 (quod
355 4438 456 4501 etiam
487 4437 611 4521 precati
637 4437 764 4522 sumus)
791 4448 828 4502 ut
857 4436 1008 4502 homines
1032 4450 1165 4500 sensum
1197 4434 1229 4498 in
1256 4432 1372 4500 officio,
