3344 5152
278 313 340 392 246
652 315 809 372 uorum
829 315 1047 372 occantur.

276 484 442 562 chemicis,
454 503 633 566 eorumque
647 481 880 565 dogmatibus3
902 481 981 547 alibi
997 492 1108 546 autem
1124 481 1181 545 vix
1198 481 1260 547 hoc
1276 492 1427 566 tempore

277 589 447 666 invenitur,
471 587 531 652 nisi
561 587 647 651 sorte
676 586 709 650 in
740 584 950 669 philosophia
980 584 1121 649 Gilberti
1133 583 1170 648 ³⁴.
1217 584 1284 650 Sed
1314 597 1426 650 tamen

278 693 362 757 circa
396 691 585 774 hujusmodi
620 688 845 774 philosophias
880 689 990 753 cautio
1023 689 1114 754 nullo
1147 691 1248 753 modo
1281 700 1426 773 praeter-

278 795 439 860 mittenda
463 805 553 872 erat;
580 795 660 877 quia
686 787 796 857 mente
818 791 889 886 jam
913 793 1142 876 praevidemus
1164 804 1197 857 et
1220 813 1428 875 auguramur,

278 899 305 964 si
328 900 464 982 quando
486 898 646 975 homines,
664 898 785 962 nostris
809 898 941 962 monitis
962 898 1110 975 excitati,
1125 898 1168 961 ad
1189 898 1427 981 experientiam

278 1023 314 1068 se
335 1002 421 1068 serio
444 1000 643 1067 contulerint
666 998 788 1086 (valere
809 999 910 1083 jussis
936 1000 1093 1065 doctrinis
1119 997 1328 1086 sophisticis),
1355 1011 1427 1066 tum

278 1106 423 1185 demum,
451 1116 586 1190 propter
622 1114 865 1188 praematuram
896 1113 930 1168 et
958 1124 1211 1188 praeproperam
1244 1104 1429 1169 intellectus

278 1208 530 1284 festinationem,
548 1218 581 1272 et
603 1207 726 1272 saltum
749 1209 818 1272 sive
835 1207 987 1271 notatum
1009 1209 1054 1272 ad
1077 1207 1242 1291 generalia
1264 1218 1298 1272 et
1321 1229 1427 1272 rerum

279 1313 446 1398 principia,
468 1312 540 1376 iore
567 1323 603 1376 ut
630 1332 789 1396 magnum
816 1312 859 1375 ab
886 1310 1076 1393 hujusmodi
1104 1311 1322 1396 philosophiis
1344 1313 1428 1397 peri·

280 1416 388 1483 culum
405 1417 595 1494 immineat;
620 1417 672 1482 cui
690 1414 778 1480 malo
793 1416 895 1479 etiam
912 1436 998 1480 nunc
1014 1417 1145 1480 obviam
1162 1417 1209 1480 ire
1225 1417 1395 1481 debemus.

798 1601 909 1668 LXV.

323 1735 376 1800 At
405 1735 573 1818 corruptio
604 1734 835 1819 philosophiae
864 1755 909 1798 ex
938 1736 1169 1816 superstitione,
1196 1745 1230 1799 et
1259 1733 1430 1824 theologia

281 1838 433 1919 admista,
449 1838 548 1903 latius
569 1840 705 1904 omnino
726 1848 827 1923 patet,
843 1847 877 1903 et
897 1837 1076 1921 plurimum
1098 1840 1174 1903 mali
1196 1839 1301 1916 insert,
1319 1848 1375 1901 aut
1397 1839 1430 1900 in

281 1940 506 2026 philosophias
530 1944 683 2026 integras,
702 1953 760 2008 aut
783 1942 817 2006 in
840 1963 952 2006 earum
976 1954 1096 2026 partes.
1143 1943 1320 2007 Humanus
1343 1942 1430 2006 enim

281 2045 466 2112 intellectus
482 2068 549 2111 non
566 2050 673 2112 minus
692 2047 959 2131 impressionibus
980 2047 1174 2130 phantasiae
1188 2058 1240 2112 est
1255 2047 1431 2121 obnoxius,

281 2170 382 2233 quam
412 2150 682 2235 impressionibus
711 2151 899 2234 vulgarium
936 2153 1121 2215 notionum.
1166 2152 1306 2234 Pugnax
1343 2153 1432 2214 enim

281 2274 386 2337 genus
412 2253 642 2338 philosophiae
669 2264 703 2319 et
724 2253 930 2336 sophisticum
955 2252 1113 2337 illaqueat
1141 2255 1366 2319 intellectum:
1397 2264 1431 2317 at

282 2359 362 2422 illud
388 2358 528 2422 alterum
555 2358 809 2442 phantasticum,
828 2368 862 2423 et
888 2357 1061 2434 tumidum,
1084 2369 1118 2423 et
1141 2358 1234 2442 quasi
1257 2360 1432 2442 poeticum,

282 2463 387 2545 magis
414 2463 581 2527 blanditur
607 2463 786 2529 intellectui
796 2461 831 2528 ³⁵.
878 2461 969 2526 Inest
999 2463 1086 2526 enim
1115 2462 1240 2527 homini
1267 2463 1432 2545 quaedam

281 2565 467 2632 intellectus
482 2568 630 2645 ambitio,
647 2589 713 2632 non
730 2568 837 2632 minor
853 2587 953 2650 quam
969 2566 1170 2644 voluntatis;
1191 2566 1384 2651 praesertim
1401 2566 1432 2628 in

281 2670 419 2753 ingeniis
434 2670 509 2735 altis
524 2682 558 2734 et
573 2671 718 2736 elevatis.

326 2774 437 2855 Hujus
463 2785 575 2839 autem
605 2776 735 2856 generis
764 2773 955 2858 exemplum
984 2775 1068 2838 inter
1095 2773 1240 2838 Graecos
1266 2773 1433 2849 illucescit,

282 2878 458 2962 praecipue
475 2879 507 2941 in
524 2879 716 2962 Pythagora
726 2877 761 2954 ³⁶,
781 2880 840 2943 sed
858 2899 933 2943 cum
954 2879 1180 2962 superstitem
1202 2879 1307 2960 magis
1325 2899 1434 2943 crassa

283 2991 316 3044 et
332 3003 469 3045 onerosa
481 2975 711 3064 conjunctum;
734 2994 769 3048 at
782 2982 994 3066 periculosius
1006 2994 1040 3046 et
1052 2983 1204 3046 subtilius
1216 2983 1249 3045 in
1263 2982 1433 3046 Platone³⁷

318 3168 340 3199 ³⁴
360 3171 406 3226 On
426 3172 475 3226 the
495 3171 636 3226 Chemists
658 3188 690 3225 or
711 3170 884 3226 Alchemists
901 3170 961 3224 and
980 3171 1096 3238 Gilbert,
1116 3188 1164 3226 see
1182 3181 1263 3224 notes
1282 3185 1325 3239 91,
1344 3184 1377 3238 92
1397 3187 1435 3224 on

318 3333 341 3366 ⁸⁵
359 3338 421 3392 The
438 3354 492 3392 one
507 3338 603 3392 school
619 3353 754 3392 ensnares
771 3336 819 3390 the
838 3335 959 3390 intellect
974 3337 1011 3406 by
1024 3335 1059 3390 its
1076 3335 1205 3406 specious
1222 3336 1279 3390 and
1291 3335 1436 3390 laliacious

283 3419 465 3490 reasonings;
483 3421 532 3476 the
548 3421 630 3475 other
641 3421 745 3474 flatters
766 3418 786 3474 it
802 3421 839 3487 by
851 3418 973 3488 exciting
992 3419 1027 3474 its
1043 3419 1180 3474 ambition
1199 3429 1229 3474 to
1247 3428 1390 3489 penetrate
1407 3427 1436 3472 to

284 3501 410 3557 ultimate
428 3520 536 3558 causes.
572 3504 647 3572 Aph.
666 3503 701 3571 48
720 3501 859 3558 lurnishes
879 3519 898 3556 a
915 3503 990 3571 good
1011 3514 1204 3572 commentary
1223 3519 1260 3556 on
1279 3503 1326 3557 the
1346 3501 1436 3556 words

285 3585 447 3639 ‘blanditur
459 3585 627 3641 intellectui!

319 3665 342 3698 ³⁶
358 3669 400 3722 As
418 3669 446 3723 in
464 3668 508 3723 bis
526 3669 654 3740 mystical
670 3666 792 3724 theoties
805 3669 890 3723 about
903 3668 1045 3734 numbers,
1057 3667 1102 3723 his
1115 3667 1256 3723 doctrines
1272 3668 1305 3722 of
1319 3677 1437 3722 metem-

284 3750 440 3821 psychosis,
454 3752 487 3805 oi
495 3751 542 3807 the
554 3752 692 3821 harmony
704 3751 735 3805 oi
744 3752 792 3806 the
805 3752 929 3821 spheres,
937 3753 993 3808 dte.
1029 3753 1076 3806 On
1089 3752 1137 3807 the
1150 3752 1279 3821 personal
1292 3752 1439 3805 character

283 3833 316 3888 os
331 3833 515 3902 Pythagoras,
528 3834 584 3889 and
598 3835 642 3890 his
656 3834 776 3905 position
789 3851 822 3889 as
834 3834 882 3888 the
894 3834 1012 3890 founder
1024 3834 1055 3889 ol
1066 3854 1084 3889 a
1097 3834 1227 3904 religious
1240 3832 1437 3900 brotherhood‚

285 3917 362 3972 there
380 3915 404 3971 is
422 3933 459 3971 an
477 3918 614 3972 excellent
630 3919 746 3988 chapter
763 3917 793 3971 in
813 3917 922 3972 Grote’s
942 3917 1060 3986 History
1079 3917 1110 3972 oi
1126 3920 1241 3972 Greece.
1278 3919 1332 3972 See
1350 3926 1390 3987 pt.
1410 3916 1438 3970 ii.

285 4000 329 4053 ch.
342 4012 387 4068 37.

318 4079 340 4112 ³⁷
361 4083 423 4137 The
436 4082 553 4137 allusion
567 4082 599 4148 is,
613 4083 742 4152 perhaps,
757 4080 889 4153 specially
902 4092 931 4138 to
950 4083 998 4138 the
1015 4084 1114 4152 theory
1126 4083 1156 4138 of
1169 4083 1260 4148 ideas,
1277 4082 1333 4137 and
1347 4091 1376 4136 to
1388 4082 1438 4137 the

284 4181 334 4220 use
346 4166 430 4220 made
442 4166 480 4234 by
494 4167 573 4220 Plato
590 4166 623 4220 os
635 4167 658 4220 F
661 4166 716 4220 inal
731 4167 836 4220 Causes
849 4166 906 4220 and
925 4165 1028 4222 Divine
1041 4168 1157 4234 Agency
1171 4166 1199 4220 in
1212 4166 1356 4234 dialogues
1370 4165 1438 4220 such

285 4263 317 4302 as
330 4248 378 4302 the
390 4247 533 4302 Timaeus.

321 4331 373 4400 Cp.
394 4329 524 4399 Cogitata
543 4339 571 4384 et
592 4330 662 4386 Visa
681 4329 726 4400 (E.
746 4332 803 4386 and
826 4332 864 4398 S.‚
884 4332 939 4386 vol.
957 4330 994 4387 iii.
1016 4348 1061 4401 pp.
1082 4329 1196 4398 601—2l:
1217 4329 1367 4384 ‘Eundem
1388 4329 1439 4400 (sc.

286 4412 443 4482 Platonem)
463 4414 603 4468 Naturam
621 4430 677 4469 non
696 4413 789 4468 minus
808 4414 963 4484 Theologia
981 4431 1067 4486 quam
1086 4413 1264 4470 Aristotelem
1283 4413 1441 4469 Dialectica
