3344 5152
284 420 346 486 218
661 393 1055 487 uovun'onomvun.

797 595 922 660 XLIV.

327 714 412 781 Sunt
433 716 576 799 denique
591 716 686 796 Mola,
700 738 786 799 quae
806 717 1035 800 immigrarunt
1055 715 1088 779 in
1109 713 1237 779 animos
1257 715 1430 780 hominum

282 841 325 883 ex
341 822 478 884 diversis
493 823 706 905 dogmatibus
724 820 1018 904 philosophiarum,
1034 840 1072 884 ac
1094 820 1194 884 etiam
1212 841 1255 883 ex
1271 821 1432 903 perversis

282 923 409 1007 legibus
436 926 772 1002 demonstrationum
803 946 889 1007 quae
911 924 999 989 idola
1022 923 1146 988 theatri
1153 923 1179 961 ⁶⁶
1202 925 1431 1002 nominamus3

282 1029 359 1109 quia
375 1040 457 1110 quot
473 1030 703 1112 philosophiae
719 1039 871 1112 receptae
889 1040 947 1093 aut
966 1030 1119 1092 inventae
1134 1038 1220 1105 sunt,
1236 1038 1287 1092 tot
1303 1028 1432 1092 fabulas

282 1133 459 1214 productas
479 1143 512 1197 et
532 1143 622 1198 actas
643 1153 824 1210 censemus,
839 1152 925 1215 quae
944 1133 1085 1196 mundos
1105 1131 1281 1196 effecerunt
1300 1131 1433 1196 fictitios

282 1247 316 1300 et
331 1238 486 1301 scenicos.
532 1239 651 1320 Neque
672 1238 715 1300 de
735 1237 787 1300 his
808 1257 894 1320 quae
912 1236 983 1317 jam
1005 1236 1176 1311 habentur,
1192 1246 1249 1300 aut
1270 1237 1369 1300 etiam
1390 1237 1433 1300 de

280 1342 444 1405 veteribus
471 1340 687 1425 philosophiis
714 1351 747 1404 et
773 1343 872 1405 sectis
894 1350 1025 1404 tantum
1047 1339 1222 1422 loquimur,
1242 1360 1318 1404 cum
1341 1359 1431 1404 com-

281 1443 391 1528 plures
411 1444 495 1508 aliae
514 1445 676 1525 ejusmodi
694 1444 825 1509 fabulae
847 1445 1002 1527 componi
1024 1452 1057 1508 et
1077 1444 1263 1508 concinnari
1285 1444 1431 1526 possint3

281 1548 550 1631 quandoquidem
567 1569 713 1612 errorum
730 1570 861 1632 prorsus
877 1550 1083 1613 diversorum
1099 1567 1218 1611 causae
1232 1548 1298 1610 sint
1314 1546 1432 1610 nihilo·

283 1652 390 1714 minus
406 1651 472 1714 fere
487 1672 690 1716 communes.
736 1653 854 1735 Neque
871 1672 980 1716 rursus
1001 1653 1044 1716 de
1064 1650 1283 1735 philosophiis
1303 1652 1441 1723 univer-,

281 1755 403 1818 salibus
430 1766 558 1819 tantum
586 1756 649 1821 hoc
677 1755 900 1840 intelligimus,
923 1757 982 1820 sed
1009 1757 1110 1819 etiam
1137 1757 1179 1819 de
1206 1755 1372 1837 principiis
1399 1765 1432 1818 et

282 1859 507 1923 axiomatibus
544 1861 767 1943 compluribus
805 1860 1025 1936 scientiarum,
1055 1879 1141 1942 quae
1178 1879 1221 1922 ex
1254 1859 1432 1922 traditione

282 1973 315 2027 et
345 1963 411 2027 fide
441 1975 474 2028 et
504 1965 656 2047 neglectu
687 1965 902 2029 invaluerunt.
948 1965 1075 2027 Verum
1113 1965 1155 2027 de
1188 1962 1324 2045 singulis
1362 1963 1431 2026 istis

282 2069 455 2150 generibus
485 2068 654 2146 idolorum,
682 2067 783 2133 fusius
816 2078 850 2132 et
882 2069 1069 2133 distinctius
1103 2068 1279 2132 dicendum
1310 2075 1369 2144 est,
1395 2077 1432 2131 ut

282 2171 458 2236 intellectui
481 2173 626 2237 humano
649 2183 782 2238 cautum
806 2174 858 2237 sit.

805 2335 911 2400 XLV.

327 2455 518 2522 Intellectus
544 2455 708 2522 humanus
734 2477 779 2520 ex
806 2455 1006 2541 proprietate
1032 2477 1092 2522 sua
1101 2455 1127 2496 ⁵⁷
1155 2454 1250 2521 facile
1276 2455 1431 2538 supponit

283 2560 441 2643 majorem
469 2563 620 2625 ordinem
647 2571 680 2625 et
706 2561 943 2643 aequalitatem
970 2563 1002 2624 in
1028 2563 1134 2636 rebus,
1159 2581 1259 2643 quam
1289 2561 1430 2624 invenit:

282 2677 315 2730 et
335 2687 409 2730 cum
430 2666 534 2730 multa
550 2666 614 2729 sint
630 2667 662 2728 in
678 2675 795 2729 natura
815 2663 1036 2742 monodica⁵⁸,
1052 2675 1085 2728 et
1106 2666 1205 2750 plena
1224 2665 1432 2749 imparitatis

282 2783 394 2833 tamen
417 2771 543 2852 affingit
566 2769 732 2852 parallela,
753 2779 787 2833 et
809 2771 1109 2852 correspondentia,
1129 2780 1161 2833 et
1186 2768 1331 2846 relativa,
1346 2790 1432 2851 quae

281 2977 298 3013 a
312 2968 429 3028 vagraut
442 2959 474 3012 os
483 2959 527 3012 his
539 2958 702 3025 habitation,
715 2959 778 3012 who
791 2959 844 3013 has
856 2974 894 3013 no
907 2959 1006 3014 settled
1019 2959 1118 3014 abode.
1149 2959 1219 3013 This
1234 2961 1244 3013 l
1259 2976 1343 3028 guess
1355 2969 1384 3014 to
1397 2960 1432 3013 be

283 3059 332 3106 so;
352 3041 409 3096 and
428 3059 510 3111 every
523 3059 577 3097 one
594 3059 660 3111 may
673 3042 790 3096 observe
808 3042 836 3096 in
854 3042 967 3097 himself
980 3043 1037 3097 aud
1050 3044 1153 3110 othere,
1166 3043 1290 3098 whether
1306 3043 1327 3097 it
1343 3044 1386 3109 be,
1401 3059 1432 3096 or

282 3125 490 3179 no.’-l.ocl‹e’s
504 3127 604 3193 Essay,
617 3125 663 3179 bk.
678 3124 715 3179 iii.
728 3126 773 3180 ch.
789 3140 829 3179 10.
844 3123 858 3195 ξ
873 3140 898 3191 4.

172 3218 176 3224 “
317 3205 340 3238 ⁸⁶
360 3209 392 3262 ln
412 3209 459 3262 the
477 3207 624 3278 Temporis
644 3210 743 3262 Partus
766 3210 919 3275 Masculus,
938 3209 1018 3264 these
1040 3225 1087 3264 are
1105 3208 1194 3264 called
1215 3208 1296 3263 Idola
1314 3211 1431 3264 Scenae.

282 3291 344 3344 The
357 3291 416 3345 title
433 3291 456 3344 is
473 3292 527 3347 due
544 3292 572 3346 in
589 3291 679 3346 either
697 3309 761 3346 case
778 3303 806 3346 to
823 3293 871 3347 the
888 3293 996 3347 conceit
1013 3293 1074 3347 that
1091 3303 1212 3361 systems
1225 3294 1256 3347 oi
1265 3293 1431 3363 philosophy

281 3374 340 3428 and
352 3375 449 3429 modes
463 3375 494 3428 oi
502 3375 723 3430 demonstration
737 3375 856 3430 succeed
868 3393 922 3430 one
933 3377 1060 3444 another,
1072 3376 1128 3430 like
1141 3377 1220 3446 plays
1234 3393 1270 3431 on
1284 3377 1331 3431 the
1344 3387 1430 3445 stage.

318 3458 379 3512 The
400 3459 512 3512 twoiold
534 3475 631 3513 source
652 3459 683 3513 of
704 3459 784 3513 these
808 3459 896 3526 ldola,
915 3476 932 3512 a
953 3459 1022 3514 false
1047 3459 1216 3530 philosophy
1235 3458 1253 3528 (‘
1262 3477 1295 3514 ex
1314 3459 1430 3514 diversis

282 3539 460 3610 dogmatibus
476 3541 714 3612 philosophiarum
725 3541 753 3610 ’),
766 3542 824 3596 and
836 3559 854 3595 a
865 3543 934 3596 false
947 3542 1018 3612 logie
1033 3541 1051 3612 (‘
1061 3561 1094 3597 ex
1107 3543 1244 3612 perversis
1257 3543 1364 3610 legibus
1381 3543 1431 3598 de·

282 3624 554 3694 monstrationum’),
567 3625 668 3679 should
683 3625 718 3678 be
735 3625 886 3695 especially
899 3625 1020 3680 noticed.
1059 3627 1092 3679 ln
1106 3627 1156 3681 the
1175 3626 1266 3680 Partis
1285 3626 1431 3681 Secundae

283 3707 450 3775 Delineatio,
464 3709 543 3763 these
559 3707 748 3763 subdivisions
766 3707 798 3763 ol'
813 3709 859 3762 the
879 3709 958 3763 Idola
977 3710 1090 3764 Theatri
1110 3726 1158 3764 are
1176 3709 1284 3763 ranked
1303 3726 1335 3763 as
1354 3709 1430 3763 main

282 3790 426 3857 divisions,
436 3791 494 3845 and
506 3793 554 3846 the
565 3791 722 3860 remaining
734 3791 809 3846 idola
822 3809 869 3846 are
880 3791 1019 3847 classified
1029 3794 1156 3862 together
1169 3792 1196 3846 in
1210 3811 1227 3847 a
1241 3793 1329 3862 single
1342 3809 1430 3862 group

281 3892 313 3929 as
330 3873 423 3929 native
443 3884 473 3929 to
492 3876 539 3930 the
560 3877 675 3929 Human
698 3875 938 3945 Understanding.
975 3877 1091 3946 ‘ltaque
1112 3894 1176 3946 pars
1196 3876 1258 3944 ista,
1278 3893 1362 3946 quam
1380 3876 1430 3931 de·

282 3969 434 4012 struentem
453 3958 636 4028 appellamus,
655 3958 744 4012 tribus
763 3959 1004 4027 redargutionibus
1025 3960 1195 4014 absolvitur:
1222 3959 1430 4028 Redargutione

282 4041 548 4110 Philosophiamm;
586 4041 796 4110 Redargutione
830 4043 1125 4110 Demonstrationum3
1163 4052 1191 4097 et
1222 4042 1430 4114 Redargutione

281 4125 410 4180 Rationis
431 4127 582 4180 Humanae
601 4125 738 4179 Nativae.'
781 4125 874 4180 There
892 4125 916 4180 is
935 4126 983 4180 the
1002 4143 1080 4182 same
1099 4125 1219 4180 division
1242 4127 1270 4180 in
1292 4128 1341 4182 the
1363 4127 1429 4182 Dis·

282 4208 396 4263 tributio
408 4207 519 4277 Operis.
557 4209 607 4278 Cp.
621 4219 687 4262 note
701 4225 738 4262 on
752 4208 826 4277 Aph.
840 4223 883 4276 39.

317 4289 339 4320 ⁵⁷
359 4291 479 4359 ‘Owing
496 4301 526 4346 to
545 4291 580 4345 its
599 4292 722 4361 peculiar
739 4291 853 4345 nature!
903 4293 954 4362 Cp.
975 4291 1104 4364 ‘propter
1123 4303 1254 4348 naturam
1272 4292 1429 4362 propriam'

283 4385 311 4429 at
325 4375 372 4429 the
385 4375 540 4443 beginning
551 4374 584 4428 oi
591 4375 665 4444 Aph.
679 4387 721 4443 51.

317 4455 338 4488 ⁶*
357 4459 432 4511 That
445 4457 476 4522 is,
490 4457 645 4512 monadica.
678 4459 733 4512 Mr.
746 4456 817 4512 Ellis
831 4459 963 4514 observes
976 4460 1046 4528 that,
1057 4460 1226 4530 throughout
1239 4459 1282 4514 his
1296 4458 1428 4528 writings,

284 4541 380 4596 Bacon
392 4541 444 4594 has
455 4540 539 4596 fallen
552 4539 610 4594 into
622 4539 677 4595 this
689 4557 773 4596 error.
