3376 5144
327 413 369 498 38
731 415 1061 474 sturnonucrrow.

368 585 444 644 First
465 584 500 644 os
520 584 567 657 all,
591 583 621 642 in
643 583 814 643 connexion
834 581 904 641 with
925 581 977 641 the
998 580 1115 658 subject
1137 581 1199 657 just
1220 581 1374 641 discussed
1396 593 1426 642 at
1448 601 1482 642 so

326 683 417 743 much
436 682 547 760 length,
565 683 580 742 1
600 701 667 758 may
682 681 817 741 mention
838 681 885 740 his
904 680 1059 757 sagacious
1077 680 1139 739 and
1157 680 1289 757 possibly
1304 681 1398 740 fertile
1417 700 1482 759 sug·

297 832 300 841 .
325 783 442 860 gestion
470 782 505 841 of
528 781 580 839 the
608 781 754 856 necessity
779 780 814 838 os
837 798 856 837 a
883 779 979 838 closer
1006 778 1100 837 union
1129 777 1263 838 between
1289 779 1393 838 formal
1421 779 1482 838 and

326 881 458 957 physical
477 891 657 955 astronomy.
703 879 785 936 ‘Nos
806 877 887 936 nulla
907 895 976 935 cum
998 877 1128 952 priorum
1150 877 1339 936 inventorum
1359 878 1480 953 jactura,

285 992 289 1010 ¹
326 990 427 1038 tamen
445 979 534 1055 longe
553 977 650 1053 majus
669 994 745 1052 opus
766 993 923 1034 movemus
934 995 942 1048 ;
963 975 1161 1052 nequeenim
1180 975 1310 1034 calculos
1329 987 1379 1035 aut
1401 995 1483 1052 prae-

325 1077 473 1136 dictiones
494 1085 610 1134 tantum
633 1074 821 1148 meditamur,
841 1073 896 1133 sed
916 1073 1136 1149 philosophiam
1147 1093 1155 1148 ;
1177 1091 1244 1132 eam
1265 1071 1387 1146 scilicet,
1403 1092 1482 1150 quae

326 1175 365 1234 de
379 1175 564 1251 superiorum
578 1191 738 1250 corporum
753 1191 815 1231 non
829 1182 914 1231 motu
929 1171 1121 1231 solummodo
1136 1172 1262 1248 ejusque
1275 1172 1415 1248 periodis,
1428 1172 1483 1232 sed

326 1271 491 1332 substantia
512 1290 634 1349 quoque
656 1281 685 1330 et
706 1269 882 1331 omnimoda
901 1270 1052 1346 qualitate,
1073 1281 1229 1347 potestate,
1245 1281 1337 1347 atque
1357 1271 1480 1342 influxu,

326 1371 510 1431 intellectum
525 1371 691 1430 humanum
712 1369 878 1442 informare,
894 1369 1062 1428 secundum
1081 1369 1210 1428 rationes
1230 1369 1378 1428 naturales
1391 1380 1482 1446 atque

326 1468 508 1529 indubitatas
522 1468 638 1545 absque
649 1466 842 1528 traditionum
854 1467 1064 1543 superstitione
1076 1477 1105 1527 et
1119 1467 1246 1541 levitate,
1259 1469 1352 1544 possit
1364 1489 1371 1541 ;
1392 1481 1482 1546 atque

326 1586 425 1626 rursus
440 1568 470 1626 in
485 1578 568 1626 motu
583 1568 649 1644 ipso
668 1565 800 1626 invenire
819 1576 910 1642 atque
925 1565 1079 1643 explicare,
1096 1585 1157 1625 non
1172 1567 1246 1643 quid
1265 1567 1482 1644 phoenomenis

326 1665 363 1724 sit
383 1675 629 1737 consentaneum,
644 1664 698 1724 sed
718 1663 791 1741 quid
814 1663 845 1722 in
867 1673 972 1722 natura
991 1665 1110 1740 penitus
1130 1675 1279 1740 repertum
1300 1675 1391 1740 atque
1413 1675 1482 1724 actu

326 1774 356 1823 et
377 1763 474 1840 reipsa
493 1783 595 1823 verum
618 1764 655 1823 sit
665 1763 692 1824 ¹.'
744 1764 772 1821 A
793 1762 868 1821 little
886 1763 998 1822 further
1019 1761 1080 1822 on'
1099 1764 1139 1823 he
1157 1764 1251 1823 draws
1271 1781 1289 1822 a
1308 1763 1482 1824 distinction

327 1861 462 1921 between
481 1862 533 1921 the
550 1861 666 1937 objects
685 1860 720 1920 ol
736 1860 915 1937 philosophy
928 1861 990 1920 and
1008 1871 1196 1938 astronomy:
1228 1863 1296 1922 ‘De
1317 1860 1483 1922 substantia

326 1959 502 2019 coelestium
517 1959 638 2036 inquirit
652 1959 812 2036 praecipue
826 1958 1023 2036 philosophia,
1037 1970 1067 2020 et
1081 1960 1120 2019 de
1134 1961 1231 2018 causis
1246 1969 1345 2018 motus
1360 1977 1482 2033 eorum;

327 2057 366 2118 de
387 2069 471 2117 motu
493 2059 559 2134 ipso
578 2076 648 2117 vero
667 2068 698 2117 et
718 2057 783 2133 ejus
803 2056 1019 2131 accidentibus,
1038 2059 1237 2132 astronomia;
1260 2058 1298 2117 de
1319 2058 1432 2117 influxu
1452 2070 1482 2119 et

326 2167 483 2233 potestate,
499 2167 632 2233 utraque.
677 2153 830 2215 Debuerat
844 2166 945 2215 autem
959 2174 1025 2216 esse
1039 2166 1160 2215 cautum
1179 2157 1256 2215 inter
1269 2157 1481 2216 astronomiam

326 2264 356 2314 et
379 2254 609 2332 philosophiam,
627 2265 659 2314 ut
681 2253 863 2313 astronomia
885 2253 1030 2331 praeferat
1051 2253 1231 2331 hypotheses
1253 2272 1331 2331 quae
1354 2255 1482 2315 maxime

326 2352 484 2429 expeditae
499 2353 539 2412 ad
552 2352 733 2428 compendia
748 2351 948 2426 calculorum3
970 2351 1158 2428 philosophia
1172 2371 1243 2412 vero
1257 2371 1334 2431 quae
1348 2353 1482 2430 proxime

325 2451 475 2510 accedunt
489 2451 528 2510 ad
542 2451 697 2510 veritatem
712 2461 843 2509 naturae.
869 2447 883 2480 *
901 2449 915 2480 *
934 2447 948 2480 *
967 2448 980 2481 *
998 2451 1106 2529 Itaque
1124 2469 1194 2510 cum
1214 2462 1339 2529 utraque
1358 2451 1482 2511 scientia

326 2547 436 2626 (qualis
464 2568 544 2608 nunc
572 2547 711 2627 habetur)
734 2549 771 2608 sit
792 2567 837 2608 res
859 2548 930 2608 levis
952 2558 982 2608 et
1002 2549 1209 2626 perfunctoria,
1233 2549 1336 2609 lortius
1357 2551 1482 2610 omnino

325 2648 463 2724 figendus
485 2658 530 2707 est
552 2666 624 2724 pes;
648 2665 684 2706 ac
706 2646 730 2705 si
751 2646 807 2706 ista
829 2647 899 2720 duo,
921 2665 999 2724 quae
1022 2658 1142 2724 propter
1162 2657 1301 2723 angustas
1324 2647 1480 2707 hominum

324 2747 594 2822 contemplationes
612 2755 642 2805 et
661 2763 748 2804 usum
768 2744 980 2822 professorium
1001 2763 1054 2822 per
1074 2755 1118 2805 tot
1140 2745 1241 2804 secula
1259 2745 1390 2822 disjungi
1411 2765 1481 2805 con·

326 2855 494 2918 sueverunt,
510 2862 570 2902 una
583 2854 674 2920 atque
689 2842 795 2904 eadem
810 2861 855 2902 res
870 2843 937 2916 sint,
952 2855 1043 2920 atque
1057 2845 1088 2902 in
1103 2862 1197 2902 unum
1218 2844 1359 2903 scientiae
1373 2863 1481 2920 corpus

326 2941 473 3001 conflata!
516 2941 644 3018 Equally
667 2960 701 3000 or
729 2959 812 3000 more
839 2941 1024 3000 remarkable
1052 2941 1076 3000 is
1104 2960 1122 3001 a
1149 2959 1272 3019 passage
1301 2942 1332 2999 in
1356 2942 1408 3001 the
1434 2945 1481 3003 De

328 3039 535 3115 Augmentis⁸,
558 3040 663 3112 where,
686 3039 749 3098 also
778 3037 914 3114 insisting
945 3058 985 3099 on
1007 3038 1057 3098 the
1086 3039 1269 3115 importance
1290 3041 1325 3099 ol
1346 3039 1481 3116 Physical

326 3138 517 3213 Astronomy,
541 3137 580 3196 he
600 3154 755 3214 compares
783 3137 864 3195 mere
885 3137 990 3195 formal
1014 3148 1186 3213 astronomy
1207 3137 1275 3196 with
1297 3138 1348 3197 the
1373 3137 1482 3197 stuffed

326 3235 410 3294 oxos
421 3235 625 3307 Prometheus,
638 3234 699 3294 and
714 3233 813 3293 insists
825 3231 857 3311 (a
871 3245 948 3294 most
963 3245 1108 3312 pregnant
1122 3233 1202 3314 idea)
1214 3255 1254 3295 on
1269 3236 1320 3295 the
1335 3237 1481 3312 necessity

327 3333 362 3392 of
371 3334 553 3410 connecting
567 3333 697 3393 celestial
709 3332 779 3392 with
793 3333 950 3392 terrestrial
964 3333 1164 3410 phenomena,
1175 3336 1210 3394 os
1220 3335 1390 3411 explaining
1404 3334 1481 3393 what

326 3431 410 3491 takes
429 3433 515 3509 place
537 3432 568 3489 in
590 3431 642 3491 the
664 3431 794 3491 heavens
814 3431 876 3492 and
896 3432 974 3492 what
993 3433 1017 3492 is
1037 3451 1109 3493 seen
1128 3444 1266 3510 amongst
1288 3453 1332 3508 us,
1352 3433 1481 3492 theone

326 3529 366 3607 by
387 3529 438 3590 the
464 3530 557 3589 other.
602 3530 802 3608 ‘Quicunque
830 3530 910 3589 enim
939 3531 1183 3608 Superlunarium
1211 3543 1240 3592 et
1269 3531 1481 3591 Sublunarium

326 3629 455 3688 conficta
477 3628 604 3688 divortia
630 3628 851 3705 contempserit,
874 3638 904 3688 et
926 3630 1069 3690 Materiae
1091 3630 1250 3706 Appetitus
1272 3642 1301 3690 et
1324 3630 1481 3689 Passiones

327 3726 455 3785 maxime
470 3726 642 3787 Catholicas
658 3723 748 3804 (quae
767 3725 798 3785 in
818 3736 945 3804 utroque
965 3727 1056 3805 globo
1071 3727 1187 3788 validae
1198 3738 1276 3800 sunt,
1292 3739 1321 3788 et
1343 3729 1481 3788 universi·

326 3834 418 3884 tatem
441 3843 538 3884 rerum
558 3823 809 3904 transverberant)
824 3825 903 3886 bene
922 3827 1111 3903 perspexerit,
1128 3827 1152 3885 is
1172 3845 1208 3885 ex
1227 3826 1284 3885 illis
1303 3845 1380 3903 quae
1399 3825 1481 3902 apud

327 3941 382 3982 nos
393 3933 554 3982 cernuntur
564 3923 746 3982 luculentam
757 3924 854 4000 capiet
865 3923 903 3984 de
916 3923 1021 3984 Rebus
1030 3923 1219 3986 Coelestibus
1230 3925 1479 3996 informationem,

326 4018 416 4080 etab
438 4021 473 4080 iis
495 4031 637 4080 econtra
665 4039 742 4099 quae
771 4022 802 4080 in
829 4023 916 4082 coelo
945 4023 1019 4083 liunt
1047 4023 1129 4082 haud
1157 4041 1252 4100 pauca
1280 4023 1319 4083 de
1344 4021 1480 4082 Motibus

327 4118 521 4178 Inferioribus
537 4117 601 4197 (qui
619 4137 700 4177 nunc
714 4118 820 4199 latent)
835 4122 1002 4196 perdiscet3
1022 4140 1083 4181 non
1098 4132 1215 4181 tantum
1235 4133 1382 4198 quatenus
1396 4121 1427 4178 hi
1441 4120 1481 4179 ab

425 4351 435 4382 ²
453 4352 596 4417 Descriptio
608 4351 686 4402 Globi
697 4353 887 4416 Intellectualis,
899 4371 954 4421 cap.
967 4369 981 4420 5
995 4356 1035 4420 (E.
1048 4356 1097 4406 and
1109 4355 1143 4413 S.,
1154 4356 1204 4407 vol.
1216 4357 1251 4407 iii.
1264 4373 1288 4422 p.
1304 4359 1369 4421 734).

423 4428 434 4457 ¹
450 4430 514 4495 Cap·
529 4443 541 4492 ⁷
556 4429 610 4495 (pn
626 4431 683 4495 74⁸,
697 4433 764 4496 ⁷4⁹)-

424 4506 434 4535 ⁸
452 4508 491 4556 De
503 4509 658 4572 augmentis,
671 4509 705 4560 iii.
719 4525 736 4572 4
748 4509 789 4575 (Ε.
801 4511 851 4560 and
862 4510 897 4572 S.,
910 4512 959 4563 vol.
972 4513 988 4563 l.
1002 4528 1043 4578 pp.
1057 4513 1191 4577 55s-554).
