3358 5152
646 409 727 464 ΜΒ.
750 410 776 465 J.
801 403 939 483 75—76.
1303 405 1364 486 269

212 574 354 642 calorem
369 574 448 641 solis
460 585 493 640 et
509 575 592 660 ignis
608 585 680 639 toto
695 595 814 659 genere
825 573 998 654 differre⁴3
1022 596 1063 640 ne
1078 575 1202 641 scilicet
1215 576 1366 641 homines

213 689 331 763 putent
353 701 388 743 se
411 700 469 762 per
495 701 594 764 opera
621 679 705 761 ignis
731 679 856 762 aliquid
883 680 989 743 simile
1015 681 1054 743 iis
1080 702 1166 765 quae
1192 681 1224 744 in
1251 691 1367 744 natura

213 783 296 848 fiunt
319 785 457 848 educere
479 795 512 847 et
535 783 675 848 formare
698 805 805 867 posse.
851 785 938 850 Hinc
961 784 1064 849 illud:
1092 786 1365 868 compositionem

212 897 343 952 tantum
353 909 437 972 opus
449 888 602 966 hominis,
612 889 799 953 mistionem
809 909 886 952 vero
897 909 980 972 opus
993 888 1094 952 solius
1106 901 1241 954 naturae
1253 911 1324 954 esse
1334 890 1346 928 ⁵
1358 915 1366 966 ;

213 1012 255 1055 ne
272 990 396 1057 scilicet
418 993 571 1057 homines
591 1001 723 1077 sperent
742 993 885 1075 aliquam
907 1013 951 1056 ex
972 1003 1042 1057 arte
1063 1015 1236 1076 corporum
1257 1003 1366 1058 natur-

213 1095 314 1160 alium
347 1097 591 1180 generationem
622 1107 679 1161 aut
704 1097 1038 1162 transformationem.
1085 1099 1203 1180 Itaque
1233 1121 1277 1162 ex
1303 1099 1367 1162 hoc

213 1199 309 1283 signo
324 1201 474 1264 homines
490 1201 553 1265 sibi
570 1201 758 1283 persuaderi
774 1201 870 1266 facile
885 1202 1059 1284 patientur,
1075 1222 1117 1264 ne
1137 1223 1213 1265 cum
1230 1204 1366 1286 dogma-

213 1304 302 1368 tibus
330 1324 396 1367 non
422 1305 530 1369 solum
557 1307 748 1389 desperatis,
771 1307 828 1370 sed
857 1307 956 1369 etiarn
984 1307 1203 1390 desperationi
1230 1307 1366 1382 devotis

213 1406 360 1472 fortunas
375 1428 451 1472 suas
467 1419 500 1472 et
517 1409 647 1475 labores
663 1412 830 1474 misceant.
929 1489 931 1494 ,

710 1598 871 1662 LXXVI.

257 1736 377 1820 Neque
414 1735 494 1801 illud
530 1737 660 1821 signum
697 1735 1023 1822 praetermittendum
1058 1747 1117 1811 est,
1152 1740 1241 1821 quod
1275 1750 1367 1804 tanta

213 1841 309 1906 fuerit
333 1843 418 1904 inter
440 1841 654 1924 philosophos
678 1842 756 1906 olim
778 1842 938 1905 dissensio
960 1851 994 1906 et
1016 1840 1201 1906 scholarum
1223 1843 1365 1926 ipsarum

212 1945 375 2010 varietas:
403 1947 494 2027 quod
516 1947 597 2011 satis
620 1947 775 2021 ostendit,
797 1947 884 2010 viam
908 1966 928 2008 a
950 1966 1048 2009 sensu
1072 1947 1115 2010 ad
1142 1947 1367 2012 intellectumfl

214 2068 280 2112 non
303 2051 389 2114 bene
412 2051 571 2142 munitam
599 2050 708 2126 fuisse,
730 2071 805 2114 cum
833 2051 949 2114 eadem
978 2051 1113 2114 materia
1139 2051 1368 2137 philosophiae

214 2152 345 2240 (natura
370 2156 494 2220 scilicet
521 2153 641 2241 rerum)
668 2156 701 2220 in
730 2165 799 2221 tam
826 2177 929 2242 vagos
955 2167 989 2219 et
1015 2156 1212 2241 multiplices
1244 2179 1368 2222 errores

215 2259 353 2343 abrepta
383 2259 479 2324 fuerit
510 2270 543 2324 et
573 2261 739 2326 distracta.
783 2260 901 2342 Atque
932 2261 1008 2324 licet
1038 2261 1129 2325 hisce
1161 2263 1367 2346 temporibus

215 2365 436 2429 dissensiones
466 2375 499 2428 et
529 2366 724 2447 dogmatum
755 2365 959 2430 diversitates
989 2366 1074 2429 circa
1103 2367 1260 2450 principia
1286 2367 1367 2450 ipsa,

215 2476 248 2531 et
270 2467 498 2551 philosophias
519 2469 672 2552 integras
695 2479 732 2534 ut
755 2468 933 2552 plurimum
956 2470 1125 2533 extinctae
1147 2471 1232 2547 sint3
1256 2480 1367 2535 tamen

215 2573 302 2636 circa
328 2581 436 2656 partes
463 2572 690 2656 philosophiae
717 2575 908 2638 innumerae
936 2583 1071 2638 manent
1097 2575 1307 2658 quaestiones
1334 2584 1367 2639 et

216 2676 473 2755 controversiae3
498 2688 534 2742 ut
557 2676 654 2762 plane
674 2689 842 2762 appareat,
863 2697 971 2759 neque
989 2679 1022 2741 in
1041 2677 1258 2761 philosophiis
1279 2678 1367 2762 ipsis,

216 2801 324 2864 neque
338 2781 370 2844 in
387 2782 494 2847 modis
508 2782 827 2847 demonstrationum
844 2782 968 2865 aliquid
984 2783 1062 2846 certi
1079 2792 1136 2845 aut
1151 2783 1222 2846 sani
1237 2802 1318 2847 esse.

251 3018 262 3050 ⁴
283 3021 316 3075 ln
328 3023 375 3077 the
388 3021 396 3049 ‘
407 3021 561 3078 Instantiae
578 3022 773 3077 convenientes
789 3023 816 3076 in
829 3031 929 3077 natura
943 3019 1041 3076 calidi‘
1055 3020 1083 3074 in
1098 3020 1150 3076 Bk.
1164 3021 1191 3088 ii,
1204 3023 1274 3077 both
1287 3023 1366 3079 these

216 3103 400 3176 descriptions
413 3107 445 3161 of
454 3107 521 3162 heat
533 3123 579 3161 are
593 3105 730 3161 included.

251 3188 488 3260 Apostrophising
507 3191 595 3246 Galen
617 3190 644 3245 in
663 3189 711 3244 the
730 3189 878 3260 Temporis
900 3191 999 3244 Partus
1022 3189 1166 3244 Masculus
1186 3189 1232 3258 (Ε.
1251 3190 1306 3245 and
1330 3193 1367 3258 S,

217 3274 270 3327 vol.
289 3272 326 3330 iii.
344 3291 369 3343 p.
389 3273 459 3344 531),
478 3275 575 3329 Bacon
594 3275 694 3330 breaks
713 3284 777 3329 out:
798 3274 842 3329 ‘O
858 3272 1004 3328 canicula!
1032 3273 1057 3327 Ο
1075 3271 1178 3343 pestis!
1200 3313 1366 3330 .......

216 3366 246 3411 tu
265 3356 337 3412 inter
356 3358 463 3413 calores
484 3358 552 3413 astri
573 3367 601 3413 et
625 3355 697 3427 ignis
718 3357 883 3414 seditionem
905 3357 987 3412 avide
1008 3355 1144 3427 arripiens
1165 3367 1193 3411 et
1213 3367 1367 3425 ostentans,

216 3439 318 3511 ubique
331 3441 483 3495 humanam
496 3452 663 3511 potestatem
679 3439 818 3495 malitiose
835 3440 862 3494 in
880 3441 1005 3496 ordinem
1019 3439 1130 3510 redigis,
1143 3450 1171 3495 et
1183 3440 1368 3510 ignorantiam

216 3513 410 3594 desperatione
423 3524 452 3579 in
464 3535 608 3580 aeternum
620 3525 728 3579 munire
742 3523 838 3595 cupis!

251 3605 263 3637 ⁵
279 3609 341 3663 The
353 3617 407 3663 two
420 3625 564 3678 processes
576 3610 643 3664 here
656 3608 816 3663 contrasted
829 3625 876 3662 are
889 3606 1062 3662 mechanical
1073 3607 1131 3662 and
1143 3607 1279 3661 chemical
1292 3625 1367 3662 com·

218 3690 348 3760 position.
384 3693 470 3746 What
489 3692 595 3746 follows
610 3693 633 3747 is
650 3692 775 3760 obscure,
788 3691 838 3746 but
852 3690 872 3745 it
886 3707 977 3745 seems
993 3700 1024 3744 to
1043 3707 1125 3745 mean
1138 3692 1200 3745 that
1213 3707 1279 3744 man
1294 3709 1367 3761 may,

217 3775 240 3830 if
254 3776 290 3830 he
309 3775 333 3829 is
350 3776 415 3845 only
432 3775 499 3830 bold
517 3776 638 3845 enough,
655 3776 751 3831 obtain
769 3775 818 3834 the
836 3791 929 3844 power
946 3774 978 3828 of
995 3790 1027 3828 so
1046 3774 1138 3841 subtly
1154 3775 1260 3844 mixing
1279 3775 1367 3845 ingre-

217 3859 317 3928 dients,
330 3877 362 3914 or
374 3858 609 3930 ‘superinducing
628 3860 745 3925 Forms,’
758 3876 789 3913 as
802 3870 831 3913 to
846 3857 928 3912 effect
941 3858 988 3912 the
1003 3856 1165 3926 generation
1178 3859 1210 3912 of
1219 3876 1237 3911 a
1249 3859 1324 3928 body
1335 3876 1368 3913 or

218 3943 266 3998 the
279 3943 504 3998 transfor-martion
517 3945 549 3997 of
558 3961 611 3998 one
625 3944 700 4011 body
713 3943 771 3997 into
783 3943 908 3997 another.
941 3941 1003 3995 The
1015 3941 1078 3995 best
1091 3941 1267 4011 explanation
1279 3943 1311 3996 of
1319 3943 1366 3997 the

217 4043 334 4098 passage
348 4027 371 4081 is
385 4037 413 4082 to
426 4027 460 4082 be
473 4026 560 4082 found
573 4025 611 4097 by
623 4025 785 4096 comparing
797 4025 817 4079 it
830 4024 895 4080 with
909 4023 960 4078 Bk.
974 4023 1001 4078 ii.
1012 4025 1085 4094 Aph.
1100 4037 1124 4094 5.

254 4113 308 4166 Mr.
324 4111 471 4182 Spedding
490 4111 617 4182 (quoting
634 4129 651 4164 a
670 4121 734 4165 note
752 4110 790 4178 by
803 4111 856 4164 Mr.
870 4109 941 4164 Ellis
960 4118 989 4163 to
1003 4107 1150 4177 Temporis
1169 4111 1268 4164 Partus
1288 4111 1366 4166 Mas-

217 4195 304 4261 culus,
318 4195 352 4249 E.
368 4195 426 4248 and
445 4197 482 4262 S.,
495 4196 550 4249 vol.
564 4194 600 4248 iii.
614 4212 640 4264 p.
655 4193 717 4264 531)
733 4211 797 4262 says
809 4193 871 4248 that
887 4194 934 4249 the
952 4192 1091 4247 reference
1109 4191 1132 4245 is
1149 4202 1179 4246 to
1192 4193 1291 4258 Galen,
1305 4194 1367 4247 who

217 4275 246 4332 in
259 4277 302 4334 his
315 4277 425 4335 treatise
440 4279 484 4333 De
498 4281 524 4333 N
527 4278 680 4333 aturalibus
694 4276 886 4332 Facultatibus
902 4285 1041 4330 contrasts
1056 4276 1103 4329 the
1121 4273 1255 4345 inwardly
1267 4277 1366 4332 sorma-

216 4360 274 4416 tive
286 4379 380 4431 power
391 4362 424 4415 of
432 4373 531 4417 nature
544 4362 609 4416 with
623 4362 670 4416 the
682 4360 806 4416 extemal
818 4359 978 4429 operations
991 4358 1023 4411 os
1031 4368 1082 4413 art.

253 4443 264 4474 ⁸
281 4445 355 4502 That
368 4445 400 4512 is,
408 4446 479 4500 from
492 4445 671 4500 observation
684 4443 741 4498 and
752 4443 922 4512 experiment
934 4453 964 4498 to
977 4441 1116 4498 inductive
1128 4441 1367 4512 generalisations,

217 4545 257 4597 or,
270 4527 298 4584 in
311 4530 392 4585 other
404 4529 503 4594 words,
516 4529 587 4583 from
601 4527 671 4584 facts
683 4537 712 4582 to
724 4525 854 4582 theories.
