3376 5144
297 345 340 426 5⁶
653 353 657 358 ·
709 343 1039 406 mmooucrroat

296 519 350 569 not
364 528 403 569 an
417 505 592 584 impossible
606 525 675 580 one,
689 506 749 566 and
764 506 837 580 that,
852 505 939 566 when
956 505 1141 580 discovered,
1157 523 1201 566 we
1222 526 1299 584 may,
1315 505 1356 585 by
1369 515 1453 568 comi

297 606 433 667 bination
448 607 483 666 of
499 606 591 679 them,
606 605 700 664 arrive
713 614 744 664 at
757 623 776 664 a
790 604 965 681 knowledge
980 603 1014 664 ol
1032 604 1083 664 the
1099 608 1253 665 ‘essences
1266 606 1328 665 and
1341 605 1449 665 iorms’

297 705 333 765 of
349 705 389 765 all
409 703 593 764 substances.
637 702 787 779 Speaking
805 721 824 762 a
842 702 918 762 little
939 703 1050 762 further
1069 722 1109 763 on
1129 703 1164 762 ol
1181 703 1266 763 these
1283 703 1449 780 ‘simplices

297 821 395 864 rerum
416 802 547 876 formae,'
567 820 602 862 or
624 802 754 860 ‘formae
775 801 889 878 primae
908 801 1028 874 classis,'
1050 801 1089 860 he
1111 820 1186 878 says,
1214 801 1299 861 ‘licet
1324 818 1450 861 numero

296 919 419 979 paucae,
435 911 536 960 tamen
550 896 893 959 commensurationibus
908 909 937 958 et
951 898 1238 959 coordinationibus
1252 899 1313 958 suis
1327 917 1451 959 omnem

297 1000 470 1059 varietatem
484 998 689 1058 constituunt!
721 997 788 1056 The
802 997 931 1056 efficient
945 1016 1035 1056 cause
1044 997 1069 1056 is
1077 998 1296 1075 distinguished
1310 999 1387 1057 from
1398 997 1449 1057 the

298 1097 383 1171 form,
405 1116 438 1157 as
460 1095 550 1174 being
572 1097 665 1155 ‘nihil
685 1095 767 1155 aliud
789 1113 880 1172 quam
900 1095 1072 1155 vehiculum
1093 1097 1224 1156 formae)
1266 1097 1375 1173 Iastly,
1397 1096 1450 1156 the

298 1195 474 1272 knowledge
495 1195 530 1254 of
550 1194 602 1255 the
623 1195 698 1254 form
722 1194 798 1254 irees
822 1192 883 1252 and
911 1193 1004 1270 vastly
1029 1194 1162 1271 enlarges
1190 1194 1303 1252 human
1330 1212 1449 1270 power:

299 1293 436 1355 ‘Causae
456 1293 538 1352 enim
558 1291 715 1369 physicae’
737 1287 814 1370 (that
835 1291 868 1364 is,
884 1291 936 1350 the
957 1291 1086 1351 efficient
1104 1291 1166 1352 and
1183 1293 1316 1352 material
1331 1289 1450 1369 causes)

299 1395 306 1422 ¹
321 1391 407 1452 novis
422 1389 560 1464 inventis,
576 1391 608 1449 in
622 1389 710 1449 simili
726 1389 856 1462 materia,
873 1390 972 1448 lucem
991 1400 1021 1450 et
1039 1409 1144 1450 ansam
1164 1390 1327 1468 praebent3
1347 1400 1378 1450 at
1397 1391 1450 1467 qui

297 1490 423 1551 sormam
443 1489 576 1566 aliquam
598 1488 690 1562 novit,
706 1487 789 1546 novit
808 1487 900 1546 etiam
921 1487 1057 1547 ultimam
1076 1487 1303 1565 possibilitatem
1318 1489 1450 1565 superin-

296 1588 427 1648 ducendi
449 1598 585 1647 naturam
606 1587 686 1645 illam
707 1583 740 1645 in
760 1585 952 1662 omnigenam
967 1587 1130 1660 materiam,
1146 1603 1245 1663 eoque
1258 1587 1358 1646 minus
1372 1587 1450 1647 inter

295 1685 482 1763 operandum
504 1684 687 1761 restringitur
707 1693 737 1744 et
757 1683 900 1760 alligatur,
923 1684 971 1745 vel
991 1681 1031 1745 ad
1053 1684 1193 1744 materiae
1215 1683 1319 1758 basim,
1341 1685 1388 1744 vel
1409 1684 1450 1746 ad

297 1784 503 1844 conditionem
518 1781 672 1842 efficientis
682 1781 722 1842 ”J

337 1883 505 1958 Returning
525 1890 558 1942 to
578 1880 630 1940 the
649 1881 770 1940 Novum
790 1878 952 1956 Organum,
968 1899 1012 1941 we
1030 1880 1095 1941 find
1115 1881 1187 1956 that,
1210 1882 1241 1940 in
1263 1882 1314 1941 the
1335 1879 1448 1942 second

295 1979 385 2055 book,
403 1981 506 2039 Bacon
520 1988 663 2054 attempts
676 1989 709 2038 to
723 1977 860 2037 describe
875 1979 965 2038 Form
980 1978 1019 2056 by
1033 1999 1051 2039 a
1065 1978 1194 2040 number
1207 1981 1242 2040 oi
1252 1980 1445 2057 equivalents.

295 2080 389 2153 Thus,
411 2090 442 2139 at
467 2078 519 2138 the
546 2077 718 2154 beginning,
746 2075 785 2136 he
807 2095 893 2151 says:
931 2079 1044 2154 ‘Super
1071 2079 1174 2138 datum
1202 2099 1311 2156 corpus
1339 2097 1447 2139 novam

296 2187 431 2238 naturam
453 2175 515 2235 sive
536 2194 629 2235 novas
650 2185 770 2234 naturas
791 2191 932 2251 generare
951 2186 981 2235 et
1002 2175 1241 2253 superinducere,
1260 2196 1336 2254 opus
1357 2188 1387 2238 et
1406 2177 1448 2236 in·

295 2275 391 2334 tentio
405 2284 450 2335 est
464 2274 614 2334 humanae
635 2272 796 2349 potentiae.
841 2274 937 2332 Datae
956 2284 1057 2333 autem
1080 2285 1202 2335 naturae
1224 2276 1359 2348 sormam,
1385 2276 1448 2335 sive

295 2371 494 2433 differentiam
505 2389 614 2444 veram,
625 2371 688 2430 sive
702 2381 837 2429 naturam
847 2381 1043 2446 naturantem,
1054 2372 1116 2432 sive
1125 2373 1239 2432 fontem
1250 2374 1447 2433 emanationis

294 2469 363 2549 (ista
383 2471 464 2530 enim
485 2469 632 2530 vocabula
652 2468 807 2541 habemus,
833 2485 911 2546 quae
935 2469 975 2528 ad
999 2470 1213 2531 indicationem
1242 2473 1283 2531 rei
1313 2472 1448 2550 proxime

294 2567 457 2645 accedunt)
471 2567 613 2642 invenire,
629 2585 706 2644 opus
726 2577 756 2627 et
777 2565 904 2627 intentio
918 2577 963 2628 est
977 2567 1126 2628 humanae
1140 2570 1298 2629 scientiae!
1339 2569 1445 2647 Again,

294 2667 326 2726 in
340 2667 369 2726 ii.
385 2687 413 2742 4,
429 2667 469 2728 he
484 2667 550 2728 tells
565 2685 620 2726 us:
643 2666 755 2724 ‘forma
769 2683 838 2724 vera
851 2666 918 2725 talis
932 2676 985 2739 est,
1001 2677 1034 2726 ut
1048 2677 1184 2726 naturam
1198 2667 1299 2727 datam
1314 2686 1350 2727 ex
1364 2669 1447 2730 fonte

294 2766 397 2842 aliquo
418 2765 566 2826 essentiae
586 2763 717 2824 deducat
738 2781 816 2840 quae
837 2763 914 2823 inest
934 2763 1069 2840 pluribus
1091 2775 1121 2824 et
1142 2765 1240 2824 notior
1260 2775 1305 2824 est
1324 2776 1448 2826 naturae

294 2863 341 2941 (ut
355 2862 531 2942 loquuntur)
546 2881 637 2939 quam
652 2861 717 2938 ipsa
730 2861 826 2921 lorma
835 2861 860 2934 ;’
875 2861 906 2920 in
921 2863 1007 2922 other
1014 2862 1119 2936 words,
1130 2862 1153 2924 it
1161 2863 1185 2922 is
1194 2863 1246 2923 the
1262 2863 1448 2925 ‘differentia

294 2961 381 3022 vera’
434 2963 472 3020 In
493 2960 523 3020 ii.
545 2979 591 3034 20,
609 2959 650 3019 ad
664 2959 714 3019 rin.
730 2959 769 3019 he
782 2961 855 3020 calls
869 2960 891 3019 it
910 2960 962 3020 the
982 2961 1134 3021 ‘definitio
1154 2962 1259 3023 vera:’
1292 2963 1354 3021 ‘Ex
1375 2963 1448 3021 Vin-

294 3059 478 3120 demiatione
497 3069 599 3120 autem
618 3058 675 3117 ista
694 3057 801 3131 Prima,
818 3059 927 3118 Forma
941 3057 1003 3120 sive
1018 3060 1154 3119 definitio
1168 3079 1237 3120 vera
1250 3060 1366 3121 Caloris
1381 3061 1447 3120 talis

294 3156 358 3232 est,’
372 3157 427 3218 dre.
472 3156 509 3215 In
523 3156 650 3215 another
662 3155 748 3232 place
763 3153 806 3234 (ii.
825 3155 883 3235 13),
899 3157 952 3216 the
965 3157 1041 3216 form
1056 3158 1081 3216 is
1100 3158 1227 3234 actually
1241 3157 1400 3218 described
1414 3177 1447 3218 as

295 3253 460 3331 ‘ipsissima
474 3271 521 3313 res
532 3253 572 3316 ’ζ’
614 3253 711 3326 Then,
727 3253 810 3314 there
824 3272 873 3314 are
888 3254 974 3314 other
986 3273 1133 3332 passages,
1149 3254 1254 3330 where,
1270 3257 1347 3315 asin
1362 3257 1380 3316 i.
1398 3273 1445 3334 51,

292 3370 332 3412 an
346 3361 474 3428 attempt
489 3351 514 3411 is
529 3351 618 3410 made
632 3361 665 3410 to
679 3351 797 3428 explain
811 3353 834 3411 it
849 3351 888 3430 by
899 3371 1002 3412 means
1017 3355 1052 3412 oi
1062 3354 1113 3414 the
1127 3353 1209 3413 word
1224 3354 1309 3414 ‘law’
1351 3355 1445 3429 Thus,

293 3451 325 3508 in
340 3449 369 3509 ii.
387 3469 413 3523 2,
429 3467 473 3509 we
483 3449 560 3508 have
573 3449 625 3509 the
639 3467 782 3526 passage:
806 3451 909 3511 ‘Licet
924 3451 1004 3511 enim
1020 3451 1051 3510 in
1062 3461 1166 3511 natura
1175 3451 1249 3512 nihil
1259 3470 1328 3512 vere
1342 3453 1447 3514 existat

293 3557 410 3625 praeter
430 3566 556 3624 corpora
577 3547 739 3621 individua,
762 3547 883 3608 edentia
902 3560 986 3609 actus
1004 3569 1095 3627 puros
1116 3550 1287 3610 individuos
1306 3568 1342 3610 ex
1361 3551 1447 3628 lege;

292 3646 323 3706 in
338 3645 483 3706 doctrinis
498 3656 608 3718 tamen,
625 3645 676 3704 illa
689 3645 753 3722 ipsa
768 3647 823 3720 lex,
840 3647 965 3724 ejusque
980 3648 1142 3726 inquisitio,
1158 3659 1188 3708 et
1197 3649 1339 3722 inventio,
1354 3661 1446 3726 atque

293 3739 459 3816 explicatio,
471 3758 526 3817 pro
537 3738 735 3799 fundamento
745 3751 789 3800 est
799 3751 860 3800 tam
871 3741 911 3800 ad
921 3742 1087 3816 sciendum,
1100 3761 1190 3819 quam
1199 3743 1238 3802 ad
1249 3744 1445 3818 operandum.

293 3833 370 3892 Eam
388 3843 490 3892 autem
511 3831 617 3909 legem,
633 3833 759 3910 ejusque
781 3836 987 3912 paragraphus,
1010 3836 1172 3897 formarum
1194 3837 1317 3896 nomine
1341 3837 1448 3897 intelli-

292 4125 308 4139 ..
324 4049 345 4081 ⁸⁸
361 4049 417 4099 The
433 4063 502 4102 same
517 4048 586 4100 ideas
603 4065 676 4100 occur
692 4049 726 4113 in,
744 4050 860 4116 perhaps,
878 4067 893 4102 a
909 4051 962 4101 still
978 4067 1047 4102 more
1062 4051 1168 4117 striking
1184 4051 1248 4102 form
1263 4051 1288 4104 tn
1303 4053 1370 4105 Now.
1384 4054 1445 4119 Org.

291 4139 443 4255 ¹1⁸3“Cum
460 4204 528 4256 enim
545 4205 637 4256 Forma
654 4205 690 4256 rei
706 4207 738 4258 sit
755 4207 879 4272 ipsissima
895 4223 948 4267 res:
972 4223 1052 4274 neque
1068 4207 1164 4258 differat
1183 4223 1221 4258 res
1238 4224 1253 4259 a
1270 4208 1357 4267 forma,
1375 4209 1447 4260 aliter

291 4298 366 4348 quam
385 4282 499 4334 differunt
522 4300 645 4349 apparens
664 4292 689 4336 et
707 4285 822 4347 existens,
841 4291 884 4336 aut
902 4285 1008 4336 exterius
1027 4294 1052 4336 et
1071 4287 1182 4349 interius,
1201 4294 1245 4337 aut
1263 4286 1289 4336 in
1310 4287 1393 4339 ordine
1412 4290 1446 4339 ad

290 4360 416 4412 hominem
434 4361 495 4411 etin
510 4361 597 4414 ordine
613 4363 646 4414 ad
661 4361 819 4416 uuiversum)
853 4363 1025 4414 Introduction
1038 4370 1066 4414 to
1077 4363 1144 4432 Aph.
1159 4375 1197 4427 13.
1231 4363 1446 4432 Seemynoleon

290 4436 332 4489 the
349 4453 462 4505 passage.
