3308 5152
444 376 665 435 REACTION
681 377 876 434 AGAINST
895 378 1024 435 ARIST
1024 379 1081 434 OT
1078 380 1143 435 LE.
1324 387 1364 456 77

214 543 299 605 Esto.
329 543 411 602 Num
419 552 528 602 cuncta
539 560 629 619 quam
640 542 749 602 caeteri
763 542 895 602 melius?
916 543 997 602 Num
1009 544 1049 602 ita
1058 553 1091 604 ut
1105 543 1179 603 nihil
1194 545 1243 604 alii
1253 557 1365 623 queant

213 642 337 702 dicere?
357 642 439 701 Num
454 652 486 701 ut
500 659 554 717 pro
569 640 628 700 deo
642 639 800 700 habendus
814 641 874 700 sit?
896 641 993 700 Pudet
1002 642 1109 702 referre
1122 643 1205 720 apud
1216 645 1364 721 quosdam

213 757 281 800 esse
301 757 416 799 morem
437 738 573 799 initiandi
592 738 763 814 discipulos,
780 748 809 798 et
828 738 1021 815 jurejurando
1042 741 1192 817 adigendi,
1208 760 1364 818 nunquam

212 855 246 897 se
270 837 422 897 Aristoteli
446 847 677 914 repugnaturos:
708 853 803 913 genus
825 836 982 895 hominurn
1010 839 1247 914 superstitiosum
1274 851 1365 917 atque

212 954 325 1009 vecors,
348 945 377 995 et
399 935 439 995 de
459 935 559 1011 seipso
579 935 657 993 male
678 935 836 994 meritum:
857 952 927 993 cum
949 953 981 994 se
1000 935 1139 996 facultate
1164 937 1301 998 fraudent
1322 939 1364 997 in·

181 1045 186 1052 '
213 1033 369 1111 dagandae
383 1033 533 1092 veritatis:
555 1051 631 1110 quos
640 1033 665 1092 si
676 1032 893 1109 reprehendere
901 1033 968 1109 jure
977 1034 1092 1110 optimo
1101 1053 1269 1111 possumus,
1280 1037 1364 1114 quod

211 1133 291 1192 hane
318 1131 374 1192 sibi
402 1133 497 1209 legem
527 1132 731 1209 imposuerint,
759 1150 820 1208 qua
847 1132 970 1191 tandem
997 1133 1194 1195 insectatione
1221 1136 1364 1212 castigare

212 1230 368 1303 debemus,
383 1231 408 1288 si
423 1230 501 1289 hanc
515 1230 611 1307 legem
626 1230 657 1288 in
671 1231 745 1290 alios
754 1230 958 1290 transierunt?
999 1231 1100 1307 Quare
1111 1232 1168 1291 illis
1182 1235 1363 1312 contemptis

211 1347 248 1388 ac
267 1329 373 1405 spretis
392 1329 417 1387 si
436 1346 496 1405 qua
514 1338 584 1387 sunt
603 1346 788 1405 quaequam
807 1329 839 1387 in
856 1328 1017 1388 Aristotele
1032 1329 1138 1389 melius
1152 1330 1212 1391 dici
1227 1343 1361 1408 possunt,

211 1445 248 1486 ea
268 1426 392 1486 tentabo
413 1427 477 1503 ipse
498 1426 604 1485 melius
625 1445 680 1502 pro
700 1445 769 1486 mea
792 1426 866 1485 virili
890 1427 1009 1488 dicere:
1030 1446 1092 1487 non
1113 1429 1244 1490 hominis
1266 1429 1363 1509 (quod

210 1524 302 1603 absit)
317 1524 508 1584 insimulandi
521 1525 622 1602 gratia,
635 1523 689 1583 sed
704 1524 898 1584 honorandae
915 1525 1063 1584 veritatis!
1105 1527 1303 1604 Throughout
1311 1529 1363 1588 the

212 1623 300 1697 work,
323 1624 362 1684 he
384 1623 475 1700 sreely
496 1641 648 1699 expresses
670 1623 716 1681 his
741 1622 917 1682 differences
940 1623 1017 1682 from
1039 1624 1181 1684 Aristotle
1205 1625 1236 1686 in
1261 1626 1360 1700 detail,

211 1722 300 1798 using
313 1721 388 1780 such
402 1722 524 1798 phrases
537 1739 571 1780 as
587 1721 783 1796 ‘ineptissima
797 1721 999 1796 comparatio,'
1014 1721 1075 1781 and
1090 1722 1141 1782 the
1162 1723 1230 1783 like.
1457 1787 1459 1798 ,

253 1819 433 1894 Rodolphus
451 1803 591 1895 Agricola
610 1815 651 1895 (b.
671 1836 757 1892 1443,
773 1817 802 1877 d.
826 1815 925 1895 1485),
946 1815 1021 1890 who,
1040 1818 1154 1896 though
1171 1837 1190 1878 a
1211 1822 1310 1881 native
1330 1821 1366 1881 os
1461 1868 1463 1895 ,

210 1916 262 1977 the
277 1918 348 1976 Low
362 1917 529 1990 Countries,
545 1916 605 1976 had
619 1915 755 1976 received
768 1915 815 1973 his
829 1915 1046 1992 philosophical
1057 1917 1217 1977 education
1231 1919 1263 1976 in
1275 1919 1359 1995 Italy,

209 2014 321 2090 praises
332 2015 474 2074 Aristotle
487 2014 643 2091 generally,
659 2013 713 2073 but
727 2013 893 2090 complains
902 2015 938 2073 of
947 2013 993 2073 his
1008 2013 1167 2091 obscurity,
1181 2016 1243 2076 and
1257 2017 1361 2077 claims

209 2113 261 2172 the
282 2113 359 2190 right
373 2114 408 2172 os
426 2113 554 2189 sonning
573 2131 612 2171 an
630 2111 835 2188 independent
853 2112 1050 2189 judgmentv.
1094 2114 1153 2172 His
1171 2113 1316 2191 language
1336 2116 1361 2174 is

211 2211 302 2270 much
316 2213 374 2271 less
388 2211 510 2270 incisive
521 2210 593 2269 than
607 2211 671 2269 that
682 2210 717 2268 os
728 2212 904 2270 laurentius
913 2211 1008 2284 Valla,
1021 2209 1076 2270 but
1089 2211 1147 2270 will
1161 2211 1200 2271 be
1210 2214 1280 2272 read
1291 2214 1361 2272 with

210 2311 372 2370 interestas
381 2310 527 2386 adording
538 2309 649 2368 further
657 2308 802 2368 evidence
811 2309 845 2369 os
850 2309 902 2368 the
916 2310 1056 2386 opinions
1064 2309 1099 2369 oi
1109 2310 1160 2369 the
1169 2311 1249 2370 time.
1275 2312 1360 2388 ‘Ego

209 2409 403 2468 Aristotelem
434 2425 552 2468 summo
580 2407 709 2484 ingeni0,
740 2406 884 2481 doctrina,
913 2408 1093 2485 eloquentia,
1122 2426 1221 2467 rerum
1245 2409 1357 2485 peritia,

209 2507 437 2583 prudentiaque,
459 2517 489 2566 et
507 2503 553 2582 (ut
574 2506 667 2565 semel
686 2503 798 2584 dicam)
817 2523 968 2565 summum
988 2506 1111 2582 quidem
1126 2506 1289 2579 hominem,
1305 2508 1359 2567 sed

209 2603 365 2664 hominem
379 2616 480 2664 tamen
492 2605 582 2664 luisse
596 2615 670 2680 puto
683 2627 689 2664 ε
712 2605 771 2664 hoc
784 2615 837 2678 est,
848 2622 939 2681 quem
949 2616 978 2663 et
990 2604 1080 2664 latere
1093 2604 1206 2680 aliquid
1221 2605 1357 2680 potuerit,

209 2703 331 2780 quique,
348 2713 380 2761 ut
395 2721 456 2762 non
477 2703 579 2762 omnia
598 2703 710 2778 primus
730 2703 883 2775 invenerit,
902 2703 943 2761 ita
960 2703 1025 2761 aliis
1046 2713 1114 2778 post
1132 2721 1164 2762 se
1179 2702 1359 2762 invenienda

208 2802 309 2877 aliqua
330 2801 487 2877 reliquerit,
504 2801 555 2877 qui
576 2801 665 2860 etiam
686 2819 748 2860 non
768 2801 869 2860 omnia
889 2819 966 2878 quae
981 2801 1133 2859 invenerat
1147 2799 1306 2860 crediderit
1327 2800 1358 2858 in

209 2900 315 2976 vulgus
331 2899 494 2976 prodenda,
511 2909 541 2958 et
555 2917 773 2975 nonnunquam
795 2899 918 2958 sortasse
932 2897 1158 2957 contradicendi
1173 2897 1281 2970 studia,
1297 2917 1358 2974 quo

208 2999 338 3057 maxima
357 2999 418 3058 iere
438 3007 589 3057 tentantur
609 2998 736 3073 ingenia,
761 3015 822 3055 non
848 3006 908 3055 tam
933 2995 1007 3072 quid
1028 2995 1092 3071 ipse
1113 2996 1243 3070 sentiret,
1267 3015 1356 3072 quam

207 3107 312 3156 contra
325 3097 399 3173 quid
413 3097 489 3156 alius
500 3097 648 3170 sensisset,
661 3096 824 3156 dicendum
835 3105 959 3172 putaret
1003 3094 1133 3154 Plurima
1143 3095 1192 3154 ille
1203 3105 1291 3168 reete,
1304 3096 1358 3156 sed

208 3205 239 3253 et
257 3194 332 3254 alius
350 3195 464 3270 aliquid
483 3213 545 3254 non
566 3195 652 3254 male.
696 3195 768 3269 Quo
791 3194 946 3270 justiorem
969 3211 1025 3270 ego
1049 3193 1167 3252 veniam
1187 3193 1277 3253 credo
1301 3194 1357 3252 illis

206 3311 273 3354 esse
293 3303 438 3370 oportere,
454 3293 479 3352 si
498 3294 550 3370 qui
569 3295 695 3365 suerunt,
718 3294 769 3370 qui
789 3302 934 3368 putarent,
951 3310 1012 3351 non
1033 3293 1136 3367 utique
1158 3291 1198 3349 illi
1214 3302 1356 3368 tanquam

206 3393 332 3468 scopulo
353 3410 568 3469 usquequaque
586 3391 863 3451 adhaerescendum
882 3408 955 3463 esse,
972 3407 1070 3466 neque
1084 3387 1124 3448 de
1137 3390 1199 3448 suis
1218 3389 1356 3466 despera-

207 3500 275 3548 runt
289 3490 435 3566 ingeniis:
456 3509 526 3548 cum
537 3489 642 3566 ingrati
654 3489 746 3565 possit
761 3499 790 3548 et
805 3489 907 3564 inique
919 3489 957 3547 de
969 3497 1091 3563 parente
1102 3488 1238 3546 omnium
1253 3498 1357 3547 natura

206 3588 402 3648 existimantis
421 3587 522 3660 videri,
543 3587 665 3646 credere
679 3587 774 3664 ipsam
789 3587 891 3646 omnia
905 3605 959 3645 sua
974 3587 1004 3644 in
1024 3603 1085 3644 uno
1100 3586 1150 3644 illo
1165 3596 1249 3661 partu
1265 3587 1356 3645 effun-

205 3687 330 3747 dentem
349 3703 481 3758 munera,
498 3685 611 3761 reliqua
631 3684 794 3760 posteritati
817 3684 940 3743 humani
961 3684 1077 3760 generis
1099 3683 1129 3740 in
1144 3701 1234 3743 omne
1248 3702 1355 3743 aevum

205 3786 335 3845 sterilem
350 3786 550 3860 effoetamque
565 3801 685 3842 manere
700 3784 846 3842 voluisse.’

248 3885 285 3942 In
305 3883 355 3954 the
371 3886 419 3943 De
434 3883 650 3942 Incertitudine
665 3893 695 3940 et
709 3882 850 3941 Vanitate
864 3880 1060 3940 Scientiarum
1076 3876 1192 3956 (where,
1209 3879 1353 3953 however,
1429 3932 1431 3941 .

204 3984 227 4043 it
250 3983 275 4042 is
296 3983 347 4042 the
368 3980 507 4041 business
527 3982 563 4040 of
579 3981 631 4040 the
651 3981 758 4039 author
779 3991 810 4039 to
832 3979 895 4038 find
915 3979 1002 4058 fault)
1024 3979 1176 4037 Henricus
1198 3979 1355 4040 Cornelius

205 4082 338 4158 Agrippa
358 4079 400 4159 (b.
425 4081 511 4153 1486,
527 4079 557 4138 d.
575 4079 674 4158 1535),
690 4080 764 4138 aster
784 4079 991 4154 enumerating
1011 4078 1061 4136 the
1083 4077 1189 4154 logical
1209 4077 1303 4136 works
1324 4078 1359 4137 os

203 4181 355 4253 Aristotle,
375 4178 521 4257 proceeds
542 4179 573 4236 in
594 4179 739 4254 language
760 4177 857 4235 which
878 4176 1010 4236 reminds
1032 4194 1066 4234 us
1091 4176 1126 4235 os
1146 4193 1230 4234 some
1252 4175 1287 4234 os
1304 4176 1354 4234 the

203 4278 381 4355 Aphorisms
396 4277 431 4336 os
442 4278 563 4335 Bacon:
588 4278 682 4352 ‘quae
696 4274 789 4334 secuti
801 4273 997 4350 Peripatetici,
1010 4274 1170 4349 opinantur
1180 4272 1253 4331 nihil
1267 4283 1352 4345 stare,

317 4467 337 4498 Π
353 4467 400 4519 See
411 4467 451 4517 bis
462 4468 502 4517 De
513 4467 658 4516 Inventione
669 4465 813 4526 Dialectiea,
826 4465 869 4514 lib.
882 4465 898 4514 i.
912 4465 957 4514 Ed.
970 4464 999 4514 os
1009 4477 1078 4528 ¹55²·
1091 4479 1134 4529 pp.
1149 4478 1187 4527 23,
1202 4477 1239 4526 ²4·
