3250 5138
644 408 724 463 ΠΒ.
748 407 792 464 ΙΙ.
814 411 867 480 50.
1266 409 1324 477 571

177 572 403 640 admotionem
435 583 470 638 et
499 574 704 639 amotionem
713 573 739 611 ⁰⁰
770 593 943 655 corporum
973 566 1171 654 simplicem)
1202 575 1328 652 septem

178 680 354 763 praecipue
385 678 509 744 modis:
540 699 668 762 nempe,
692 677 743 741 vel
771 698 829 762 per
855 677 1080 741 exclusionem
1107 692 1331 753 eorumquae

178 784 364 867 impediunt
386 793 420 847 et
439 783 645 860 disturbant;
669 780 721 845 vel
743 802 802 864 per
822 780 1091 864 compressiones,
1110 777 1330 850 extensiones,

177 887 382 970 agitationes,
401 896 434 950 et
454 885 663 968 hujusmodi;
686 884 738 947 vel
761 905 819 967 per
839 884 981 948 calorem
1004 893 1037 946 et
1058 882 1176 964 frigus3
1199 880 1251 943 vel
1271 899 1331 962 per

179 1010 305 1054 moram
337 991 370 1053 in
401 990 474 1054 loco
508 990 734 1064 convenienti;
770 989 822 1052 vel
853 1009 912 1070 per
942 987 1089 1051 fraenum
1120 995 1153 1048 et
1183 983 1329 1066 regimen

179 1104 309 1171 motus;
341 1093 393 1158 vel
420 1115 478 1179 per
504 1114 682 1158 consensus
708 1092 888 1176 speciales;
917 1091 969 1155 vel
996 1112 1053 1174 per
1077 1089 1329 1155 alternationem

177 1198 410 1282 tempestivam
427 1207 460 1261 et
476 1197 634 1275 debitam,
649 1207 750 1281 atque
770 1197 887 1263 seriem
904 1206 939 1260 et
954 1196 1192 1260 successionem
1211 1193 1329 1256 horum

178 1303 326 1366 omnium
342 1311 400 1366 aut
414 1301 533 1366 saltem
550 1302 780 1365 nonnullorum
797 1321 840 1364 ex
857 1299 930 1364 illis.

221 1401 270 1492 (ι)
293 1406 351 1470 Ad
382 1406 526 1490 primum
558 1405 656 1488 igitur
683 1405 774 1486 quod
804 1404 942 1480 attinet;
980 1409 1035 1467 atr
1061 1399 1243 1467 communis
1273 1396 1329 1482 qui

177 1509 324 1592 undique
353 1519 486 1594 praesto
519 1519 569 1573 est
599 1519 632 1572 et
661 1530 697 1572 se
730 1509 857 1592 ingerit,
886 1518 987 1590 atque
1016 1507 1097 1571 radii
1127 1503 1330 1582 coelestium,

179 1614 320 1678 multum
354 1614 498 1678 turbant.
553 1613 648 1695 Quae
683 1613 795 1694 itaque
827 1613 870 1676 ad
905 1612 1034 1676 illorum
1069 1609 1293 1674 exclusionem
1303 1605 1329 1644 ⁹¹

178 1717 312 1791 iaciunt,
340 1719 459 1782 merito
486 1716 600 1781 haberi
628 1718 756 1799 possint
784 1737 844 1798 pro
862 1714 1081 1798 polychrestis.
1129 1714 1207 1777 Huc
1231 1713 1330 1794 igitur

178 1822 345 1903 pertinent
370 1822 524 1886 materies
554 1831 588 1885 et
612 1822 775 1886 crassities
800 1840 963 1894 vasorum,
989 1819 1164 1902 inquibus
1192 1836 1330 1900 corpora

177 1927 220 1990 ad
262 1925 489 2008 operationem
531 1935 725 2008 praeparata
766 1936 978 2008 reponuntur.
1035 1921 1200 2000 Similiter,
1239 1921 1329 1984 modi

177 2030 322 2094 accurati
345 2029 563 2093 obturationis
583 2049 746 2102 vasorum,
770 2049 829 2110 per
850 2026 1147 2093 consolidationem
1170 2035 1203 2089 et
1224 2024 1329 2087 lutum

177 2131 398 2215 sapientiae⁰²‚
434 2145 470 2198 ut
508 2133 687 2215 loquuntur
723 2132 875 2216 chymici.
930 2132 1042 2196 Etiam
1084 2132 1234 2195 clausura
1271 2148 1330 2211 per

179 2237 322 2320 liquores
352 2239 385 2301 in
415 2238 559 2314 extimis,
587 2237 759 2302 utilissima
792 2257 842 2300 res
873 2247 943 2316 est;
981 2246 1018 2300 ut
1048 2255 1123 2299 cum
1154 2233 1329 2297 infundunt

178 2342 288 2406 oleum
310 2363 410 2426 super
427 2343 540 2405 vinum
564 2353 621 2404 aut
641 2362 755 2407 succos
777 2341 963 2418 herbarum,
985 2341 1085 2422 quod,
1105 2337 1328 2420 expandendo

179 2467 213 2509 se
236 2446 269 2508 in
291 2447 483 2510 summitate
506 2447 608 2510 instar
631 2447 784 2528 operculi,
807 2447 934 2530 optime
960 2466 999 2508 ea
1022 2453 1193 2508 conservat
1216 2441 1329 2505 illaesa

178 2550 222 2613 ab
234 2557 316 2614 atre.
360 2551 479 2632 Neque
494 2550 644 2634 pulveres
660 2571 711 2613 res
728 2551 834 2614 malae
849 2560 945 2627 sunt;
967 2549 1032 2632 qui,
1045 2549 1121 2612 licet
1137 2546 1329 2610 contineant

178 2661 289 2717 aerem
315 2655 508 2738 permistum
519 2655 555 2731 ⁰³,
578 2665 691 2718 tamen
715 2656 783 2718 vim
814 2656 897 2718 a'e'ris
923 2653 1107 2718 coacervati
1130 2661 1163 2715 et
1190 2649 1328 2714 circum·

179 2758 240 2822 susi
261 2768 392 2823 arcent:
421 2769 456 2822 ut
476 2758 513 2822 fit
532 2759 564 2821 in
583 2761 831 2823 conservatione
851 2779 988 2822 uvarum
1009 2767 1043 2821 et
1062 2756 1226 2821 fructuum
1245 2755 1329 2816 intra

179 2882 320 2940 arenam,
330 2873 364 2926 et
376 2862 523 2926 farinam.
554 2861 665 2926 Etiam
678 2883 761 2940 cera,
774 2862 849 2938 mel,
861 2861 929 2945 pix,
943 2870 976 2924 et
988 2859 1177 2941 hujusmodi
1190 2857 1328 2932 tenacia,

179 2976 267 3031 recte
281 2967 490 3029 obducuntur
501 2967 544 3029 ad
560 2967 744 3030 clausuram
761 2967 998 3050 perfectiorem,
1008 2974 1041 3027 et
1057 2964 1099 3027 ad
1116 2980 1327 3026 summoven-

179 3070 259 3133 dum
276 3076 385 3134 a‘e‘rem
401 3081 434 3134 et
446 3070 610 3135 coelestia.
649 3069 762 3134 Etiam
777 3091 838 3133 nos
853 3069 1116 3153 experimentum
1129 3067 1329 3149 quandoque

215 3275 237 3307 ⁹⁰
256 3277 307 3346 Cp.
322 3276 338 3330 i.
348 3291 374 3344 4.

214 3357 235 3392 ⁰¹
254 3361 316 3415 The
340 3359 502 3431 Air·Pump,
528 3359 662 3417 invented
685 3362 771 3416 about
799 3362 867 3431 1654
890 3362 929 3430 by
954 3361 1023 3415 Otto
1053 3376 1109 3413 von
1134 3357 1272 3413 Guericke
1301 3356 1332 3411 of

181 3443 359 3512 Magdeburg
375 3445 432 3499 and
447 3446 649 3515 subsequently
666 3463 698 3500 so
714 3445 798 3500 much
816 3445 961 3515 improved
979 3444 1016 3513 by
1033 3444 1129 3513 Boyle,
1148 3442 1239 3497 would
1255 3441 1328 3494 bave

179 3529 286 3596 exactly
298 3539 356 3583 met
375 3529 495 3583 Bacon's
512 3528 723 3599 requirements,
736 3547 768 3584 so
784 3529 827 3583 tar
840 3547 872 3584 as
889 3528 931 3583 air
948 3528 970 3582 is
988 3527 1154 3582 concerned.
1203 3525 1286 3594 Light
1304 3522 1328 3578 is

178 3611 314 3666 excluded
326 3611 390 3665 with
405 3610 593 3681 comparative
605 3629 679 3667 ease.

214 3693 236 3725 ⁹²
253 3695 362 3748 Lutum
374 3697 530 3764 saptentiae
542 3714 573 3750 or
579 3696 814 3766 phr'losoplromm
825 3713 881 3750 was
894 3712 911 3750 a
921 3694 1117 3765 composition,
1127 3692 1275 3763 employed
1285 3692 1329 3746 ior

179 3778 227 3832 the
236 3779 395 3848 purposeoi
401 3779 706 3849 sealinghermetically
715 3781 762 3834 the
772 3780 881 3834 orifices
890 3779 922 3833 os
927 3779 1040 3833 vessels.
1072 3777 1152 3846 Pliny
1162 3777 1242 3845 (Nat.
1252 3775 1328 3829 Hist.

178 3860 248 3916 xxix.
267 3877 283 3929 3
303 3860 370 3930 (11),
389 3872 456 3917 sect.
478 3863 521 3933 51)
541 3864 619 3932 gives
637 3881 655 3917 a
674 3864 752 3918 short
770 3862 862 3933 recipe
881 3862 924 3916 sor
941 3861 1054 3932 piecing
1072 3859 1199 3928 together
1220 3859 1328 3913 broken

176 3945 331 4014 fragments
343 3945 375 3999 oi
383 3946 477 4014 glass:
500 3948 561 4014 ‘Et,
575 3965 611 4002 ne
628 3945 696 4017 quid
713 3946 784 4000 desit
802 3962 919 4000 ovorum
935 3944 1048 4014 gratiae,
1061 3943 1213 3997 candidum
1231 3959 1265 3996 ex
1282 3940 1327 3995 his

178 4028 333 4083 admixtum
343 4029 412 4084 calci
423 4029 503 4085 vivae
513 4030 630 4099 glutinat
641 4030 703 4084 vitri
713 4029 888 4098 fragmenta!
919 4029 1050 4083 Albertus
1062 4029 1184 4095 Magnus
1195 4024 1328 4094 (referred

179 4121 208 4166 to
221 4113 258 4181 by
272 4113 387 4178 Hoeler,
403 4113 527 4168 Histoire
540 4115 576 4168 de
589 4115 617 4168 la
635 4113 753 4180 Chimie,
767 4124 843 4167 tome
860 4111 877 4166 i.
890 4129 917 4182 p.
931 4111 993 4180 388)
1007 4121 1182 4165 enumerares
1199 4107 1327 4162 different

177 4196 262 4250 kinds
275 4197 308 4250 oi
318 4196 422 4266 ‘lutea'
436 4197 553 4268 varying
566 4197 639 4252 their
654 4195 838 4266 composition
855 4193 1006 4264 according
1022 4205 1052 4248 to
1068 4194 1116 4249 the
1134 4191 1282 4247 difference
1300 4191 1333 4244 os

179 4289 373 4348 temperature.

214 4359 235 4392 ⁹⁸
256 4365 332 4418 llere
352 4379 392 4418 we
410 4363 484 4418 have
503 4364 551 4418 the
570 4380 649 4418 same
667 4362 827 4418 distinction
846 4380 878 4416 as
897 4363 959 4417 that
978 4361 1103 4415 between
1123 4359 1171 4414 the
1192 4358 1327 4412 ‘vacuum

178 4446 358 4516 permistum'
371 4447 429 4501 and
442 4447 490 4502 the
503 4447 638 4502 ‘vacuum
651 4447 860 4502 coacervatum'
875 4445 902 4500 in
916 4447 963 4500 the
977 4443 1147 4514 concluding
1159 4443 1284 4499 remarks
1300 4443 1331 4496 oi

178 4529 205 4585 ii.
217 4531 260 4598 48.
300 4533 333 4586 ln
346 4531 394 4587 the
406 4540 518 4602 present
532 4547 660 4600 passage,
672 4531 719 4586 the
732 4530 863 4600 meaning
876 4529 899 4585 is
912 4528 1038 4585 obvious.
