3342 5152
636 345 793 402 NOVUM
811 343 1032 402 ORGANUM.

344 513 432 579 enim
444 533 542 580 omne
557 532 675 597 corpus
690 509 856 577 contrahit
866 509 893 548 ¹³
908 519 942 574 et
956 507 1046 593 cogit
1062 507 1095 573 in
1110 507 1281 592 angustius
1294 529 1301 587 ;
1324 507 1409 572 adeo

345 629 382 683 ut
403 639 462 703 per
484 619 612 682 intensa
634 617 756 698 frigora
774 615 858 680 clavi
880 613 1037 680 excidant
1060 633 1104 677 ex
1122 613 1310 697 parietibus,
1332 631 1409 676 aera

286 791 291 800 ,
345 722 514 799 dissiliant,
536 722 658 785 vitrum
681 720 780 785 etiam
803 717 998 783 calefactum
1017 727 1051 782 et
1074 716 1183 780 subito
1205 717 1352 800 positum
1376 715 1409 778 in

344 827 465 908 frigido
482 825 636 890 'dissiliat
661 833 695 888 et
726 823 905 908 frangatur.
951 821 1111 886 Similiter
1136 827 1192 884 aer
1218 841 1276 904 per
1302 819 1409 884 levem

346 930 624 1014 infrigidationem
648 929 764 1012 recipit
790 949 825 992 se
851 928 884 992 in
910 926 1100 1010 angustius3
1130 933 1167 988 ut
1189 945 1247 1008 per
1270 924 1409 988 Instant.

345 1031 397 1116 38.
413 1033 497 1099 Tab.
517 1053 547 1118 3.
592 1034 718 1098 Verum
740 1034 783 1096 de
804 1031 856 1096 his
878 1031 981 1095 fusius
1003 1030 1130 1095 dicetur
1148 1030 1181 1094 in
1200 1027 1411 1111 inquisitione

345 1139 387 1201 de
404 1137 550 1222 Frigido.

389 1241 508 1325 Neque
532 1241 652 1306 mirum
675 1251 725 1306 est
747 1241 774 1306 si
797 1237 941 1306 calidum
963 1249 997 1304 et
1020 1237 1174 1322 frigidum
1197 1238 1298 1302 edant
1320 1256 1410 1302 com-

347 1345 458 1429 plures
482 1346 629 1410 actiones
647 1365 838 1411 communes
853 1340 910 1430 (de
928 1364 997 1426 quo
1010 1343 1086 1406 vide
1103 1342 1241 1406 Instant.
1258 1357 1310 1426 32.
1326 1340 1410 1405 Tab.

348 1446 391 1534 2),
410 1469 486 1514 cum
510 1450 715 1514 inveniantur
737 1451 823 1514 duae
846 1469 890 1513 ex
912 1448 1125 1530 sequentibus
1144 1445 1340 1527 differentiis
1355 1445 1411 1526 (de

349 1553 470 1636 quibus
494 1574 575 1616 mox
598 1549 760 1640 dicemus)
782 1573 868 1636 quae
888 1561 1081 1634 competunt
1103 1551 1234 1634 utrique
1257 1559 1412 1626 naturae3

347 1657 422 1722 licet
445 1657 478 1720 in
501 1657 564 1722 hac
585 1657 773 1739 differenter
795 1653 852 1744 (de
873 1677 940 1739 qua
962 1675 1047 1721 nunc
1066 1654 1244 1740 loquimur)
1266 1654 1412 1719 actiones

349 1761 413 1825 sint
436 1781 480 1824 ex
502 1761 666 1826 diametro
688 1762 871 1846 oppositae.
918 1759 1072 1825 Calidum
1095 1760 1182 1823 enim
1201 1760 1259 1823 dat
1282 1769 1411 1823 motum

349 1865 567 1948 expansivum
591 1875 624 1929 et
646 1866 850 1943 dilatantem,
873 1865 1044 1949 Frigidum
1067 1865 1178 1930 autem
1201 1863 1261 1928 dat
1284 1872 1412 1926 motum

348 1969 588 2034 contractivum
607 1979 641 2034 et
656 1975 839 2036 coeuntem.
1211 1965 1215 1972 '

396 2169 547 2236 Secunda
563 2169 751 2254 differentia
768 2179 819 2236 est
839 2169 1043 2236 modificatio
1060 2171 1177 2255 prioris
1191 2191 1199 2250 ;
1222 2169 1304 2235 haec
1321 2169 1412 2234 vide·

349 2273 435 2354 licet,
451 2276 542 2358 quod
558 2276 647 2340 calor
662 2277 705 2340 sit
721 2286 831 2340 motus
846 2275 1045 2361 expansivus
1066 2275 1135 2340 sive
1149 2295 1263 2339 versus
1278 2275 1414 2339 circum·

350 2378 522 2443 larentiam
534 2405 542 2458 ;
558 2378 621 2444 hac
631 2378 705 2463 lege
716 2389 839 2456 tamen,
852 2389 888 2444 ut
901 2401 965 2445 una
974 2379 1096 2444 seratur
1107 2398 1226 2462 corpus
1236 2397 1366 2443 sursum
1376 2375 1413 2442 ¹⁴.

350 2481 500 2547 Dubium
516 2484 603 2547 enim
621 2504 688 2548 non
707 2494 757 2548 est
780 2485 859 2566 quin
882 2486 946 2549 sint
969 2495 1079 2549 motus
1102 2484 1289 2566 complures
1307 2481 1414 2546 mixti.

351 2585 512 2672 Exempli
533 2589 659 2670 gratia;
691 2588 812 2669 sagitta
834 2599 892 2653 aut
915 2588 1077 2673 spiculum
1100 2586 1198 2651 simul
1222 2597 1256 2652 et
1278 2607 1414 2671 progre-

351 2677 475 2754 diendo
490 2701 587 2769 rotat,
604 2702 637 2756 et
652 2693 793 2758 rotando
814 2693 1032 2776 progreditur.
1079 2689 1240 2755 Similiter
1255 2700 1288 2755 et
1304 2700 1415 2754 motus

349 2794 468 2859 caloris
483 2795 580 2859 simul
595 2806 644 2860 est
660 2807 693 2860 et
709 2797 908 2881 expansivns
924 2806 958 2860 et
973 2796 1053 2861 latio
1069 2796 1102 2858 in
1118 2815 1257 2859 sursum.

395 2897 488 2965 Haec
502 2919 581 2963 vero
597 2899 785 2981 differentia
805 2901 991 2966 ostenditur
1012 2901 1045 2964 in
1067 2899 1199 2983 forcipe,
1219 2908 1278 2962 aut
1295 2897 1416 2964 bacillo

300 3100 322 3133 ¹³
339 3103 410 3158 This
428 3113 579 3159 statement
598 3103 622 3159 is
641 3114 690 3160 not
709 3103 877 3176 universally
889 3116 957 3161 true.
995 3107 1048 3161 See
1066 3114 1132 3160 note
1145 3104 1161 3158 8
1174 3105 1270 3158 above.
1307 3105 1417 3160 Water-

265 3185 355 3257 pipes,
366 3185 410 3239 ior
423 3185 558 3256 instance,
571 3204 620 3243 are
631 3188 707 3245 often
719 3189 798 3244 burst
811 3189 910 3260 hythe
923 3187 1075 3261 expansion
1089 3187 1120 3244 ol
1129 3187 1172 3244 ice
1184 3197 1213 3242 at
1226 3188 1275 3244 the
1291 3198 1416 3244 moment

266 3268 298 3323 ol
307 3268 511 3324 solidification

302 3350 324 3384 ¹⁴
344 3353 378 3405 ln
394 3369 477 3422 gases
495 3355 553 3408 and
572 3353 684 3425 liquids,
696 3357 745 3412 the
764 3357 866 3412 heated
884 3355 1023 3427 particles,
1036 3355 1122 3425 being
1138 3353 1294 3426 expanded,
1307 3353 1366 3410 and
1384 3370 1417 3410 so

267 3435 426 3505 occupying
443 3453 523 3491 more
541 3453 625 3508 space
643 3437 671 3492 in
691 3440 853 3510 proportion
870 3449 900 3494 to
918 3439 992 3494 their
1009 3438 1130 3509 density,
1142 3439 1256 3504 ascend,
1270 3437 1352 3494 while
1370 3437 1418 3494 the

266 3518 400 3590 particles
412 3529 462 3573 not
470 3530 517 3588 yet
526 3522 637 3591 equally
647 3522 749 3578 heated
758 3522 865 3578 remam
875 3523 1037 3592 stationam,
1047 3540 1079 3578 or
1090 3521 1220 3577 descend.
1256 3521 1326 3577 This
1334 3520 1419 3578 mode

267 3601 300 3656 ol
307 3601 441 3658 diffusion
458 3605 489 3657 oi
503 3604 568 3660 heat
582 3604 605 3660 is
624 3606 713 3661 called
728 3607 908 3662 Convection.
945 3608 999 3662 See
1012 3607 1155 3675 Tyndall’s
1169 3607 1247 3659 Heat
1258 3621 1276 3660 a
1289 3605 1377 3660 Mode
1390 3605 1423 3660 of

269 3685 387 3752 Motion,
402 3686 451 3754 3rd
464 3687 528 3754 Ed,
543 3685 574 3756 ἕξ
590 3702 649 3756 221,
663 3703 724 3744 222.
761 3692 853 3745 There
871 3687 904 3757 is,
917 3689 950 3744 ol
964 3706 1072 3754 course,
1084 3705 1121 3743 no
1139 3689 1292 3757 analogous
1311 3689 1418 3758 pheno·

268 3785 371 3823 menon
384 3768 412 3824 in
424 3770 473 3824 the
488 3772 598 3826 caseos
611 3771 708 3827 solids.
745 3773 866 3828 Bacon’s
885 3772 1013 3844 example
1026 3773 1058 3827 os
1072 3773 1135 3827 ‘the
1151 3781 1234 3842 tongs
1247 3772 1305 3826 and
1317 3772 1419 3841 poker'

269 3850 293 3906 is
305 3853 402 3922 purely
413 3853 535 3922 fancilul,
549 3855 595 3909 the
614 3854 679 3910 idea
697 3854 801 3926 having
820 3857 956 3928 probably
968 3855 1060 3911 arisen
1074 3856 1147 3910 lrom
1163 3855 1212 3910 the
1230 3855 1286 3910 fact
1303 3855 1373 3922 that,
1390 3855 1419 3909 in

268 3937 352 3990 order
365 3946 394 3990 to
407 3938 490 3992 make
509 3938 586 3992 them
606 3937 690 3993 stand
710 3939 830 4010 upright,
843 3939 911 4009 they
923 3949 998 3994 must
1011 3941 1046 3994 be
1058 3939 1174 4009 planted
1191 3955 1269 3994 more
1286 3937 1378 4006 firmly
1390 3937 1419 3992 in

269 4019 318 4074 the
337 4019 394 4085 rire,
407 4021 464 4075 and
483 4037 515 4075 so
533 4022 656 4092 exposed
675 4032 739 4077 toa
756 4023 846 4092 larger
864 4033 980 4077 amount
999 4022 1032 4078 of
1045 4023 1120 4089 beat,
1138 4023 1205 4076 than
1219 4021 1299 4075 when
1318 4021 1420 4090 placed

270 4102 460 4173 horizontally.
498 4106 655 4173 Moreover,
668 4105 716 4161 the
735 4106 800 4160 heat
818 4105 945 4161 radiated
963 4106 1035 4160 from
1048 4106 1096 4160 the
1113 4105 1162 4161 lire
1179 4106 1309 4176 upwards
1325 4104 1353 4158 in
1370 4105 1420 4159 the

270 4185 409 4240 direction
428 4187 459 4241 oi
479 4187 527 4243 the
550 4187 681 4259 chimney
701 4189 725 4246 is
749 4191 859 4260 usually
880 4189 964 4244 much
989 4199 1098 4259 greater
1118 4189 1186 4244 than
1212 4188 1273 4243 that
1292 4187 1420 4243 radiated

271 4268 418 4340 sideways.

271 4434 290 4489 d
307 4354 333 4489 llt
347 4353 402 4447 pill
414 4353 449 4408 be
461 4370 527 4410 seen
540 4354 611 4410 from
625 4356 699 4410 what
710 4355 734 4411 is
747 4358 813 4412 here
826 4356 895 4426 said,
909 4357 969 4414 that
981 4357 1037 4412 this
1049 4356 1154 4413 second
1169 4353 1383 4412 differentiation
1398 4354 1421 4410 is

291 4453 307 4491 e
317 4452 403 4492 usrve.
