3342 5152
319 337 384 418 418
699 345 854 401 rvoerM
876 345 1092 403 oacAnttJM.

322 515 442 597 migrat
458 515 501 578 ad
523 514 779 596 generationem,
797 532 872 576 cum
894 514 983 596 prius
998 533 1065 576 non
1087 513 1264 590 existeret3
1288 525 1344 579 aut
1360 523 1471 578 contra

322 619 443 702 migrat
476 619 518 682 ad
557 618 809 701 corruptionem,
840 637 914 682 cum
949 618 1038 702 prius
1076 617 1242 682 existeret.
1297 617 1413 700 Itaque
1439 619 1471 680 in

322 731 460 805 utraque
477 721 693 806 antistrophe,
711 722 887 787 instantiae
907 721 991 786 tales
1014 732 1090 786 sunt
1111 742 1242 804 semper
1259 720 1471 805 geminae⁴¹3

320 826 371 889 vel
396 827 508 908 potius
532 847 598 890 una
624 826 779 889 instantia
804 825 838 889 in
866 835 957 889 motu
981 826 1049 890 sive
1072 825 1221 898 transitu,
1245 827 1407 909 producta
1429 827 1472 890 ad

320 930 494 1011 periodum
524 929 707 994 adversam.
761 927 811 994 At
842 929 1030 1010 hujusmodi
1061 930 1238 994 instantiae
1268 949 1334 992 non
1364 931 1470 994 solum

320 1033 504 1099 accelerant
538 1043 571 1098 et
610 1035 769 1098 roborant
804 1034 1011 1110 exclusivum,
1041 1033 1099 1097 sed
1134 1033 1234 1098 etiam
1269 1033 1471 1117 compellunt

319 1137 556 1220 affirmativam
579 1138 648 1201 sive
661 1138 815 1219 sormam
838 1138 944 1222 ipsam
968 1138 1000 1200 in
1022 1148 1209 1220 angustum.
1255 1137 1399 1202 Necesse
1422 1147 1470 1202 est

320 1241 407 1305 enim
424 1252 460 1305 ut
480 1240 587 1306 sorma
610 1242 655 1306 rei
678 1241 721 1306 sit
741 1243 923 1325 quippiam,
938 1243 1027 1325 quod
1049 1264 1109 1327 per
1131 1241 1322 1324 hujusmodi
1346 1244 1471 1327 migra-

320 1347 437 1409 tionem
453 1346 594 1423 indatur,
606 1356 664 1410 aut
680 1355 794 1410 contra
810 1367 868 1429 per
883 1345 1073 1428 hujusmodi
1089 1347 1318 1429 migrationem
1334 1346 1470 1413 tollatur

319 1459 352 1512 et
367 1449 565 1512 destruatur.
603 1448 719 1530 Atque
734 1447 811 1514 licet
826 1449 934 1512 omnis
952 1448 1100 1513 exclusio
1114 1460 1311 1534 promoveat
1326 1451 1470 1534 affirma-

320 1553 433 1629 tivam,
452 1562 564 1615 tamen
586 1550 651 1615 hoc
671 1553 776 1634 magis
795 1553 919 1617 directe
942 1553 979 1616 fit
1000 1553 1033 1616 in
1056 1553 1206 1636 subjecto
1229 1555 1347 1618 eodem
1370 1575 1470 1638 quam

320 1655 353 1716 in
376 1656 524 1718 diversis.
579 1655 701 1718 Forma
725 1665 837 1720 autem
860 1652 910 1740 (ut
931 1677 975 1720 ex
1000 1658 1154 1721 omnibus
1176 1678 1262 1741 quae
1285 1659 1470 1722 dictasunt

321 1758 494 1822 manifesto
517 1756 633 1842 liquet)
656 1759 798 1842 prodens
824 1780 860 1822 se
888 1760 1010 1825 inuno
1037 1761 1128 1825 ducit
1151 1763 1193 1825 ad
1218 1763 1339 1827 omnia.
1394 1762 1470 1846 Quo

319 1872 432 1926 autem
444 1861 621 1945 simplicior
631 1861 729 1927 fuerit
741 1863 905 1944 migratio,
917 1885 957 1928 eo
970 1866 1076 1946 magis
1088 1864 1241 1930 habenda
1253 1876 1304 1930 est
1317 1867 1470 1930 instantia

320 1965 353 2026 in
376 1966 491 2048 pretio.
539 1965 712 2029 Praeterea
731 1966 918 2030 Instantiae
939 1967 1131 2048 migrantes
1155 1970 1266 2052 magni
1292 1980 1368 2033 sunt
1395 1989 1470 2034 usus

319 2070 361 2132 ad
385 2079 512 2152 partem
540 2069 764 2152 operativam;
794 2072 871 2152 quia
897 2090 972 2134 cum
996 2083 1183 2156 proponant
1206 2074 1346 2138 formam
1369 2095 1469 2158 copu-

318 2172 421 2236 latam
443 2192 517 2236 cum
539 2173 698 2238 efficiente
720 2184 777 2237 aut
796 2175 953 2257 privante,
969 2177 1140 2260 perspicue
1161 2179 1333 2260 designant
1352 2181 1469 2263 praxin

320 2276 352 2338 in
382 2275 565 2358 aliquibus;
597 2279 685 2341 unde
710 2277 814 2343 facilis
841 2279 940 2344 etiam
971 2289 1021 2345 est
1051 2283 1207 2346 transitus
1236 2284 1278 2346 ad
1305 2283 1468 2366 proxima.

320 2377 441 2443 Subest
457 2390 571 2443 tamen
588 2380 620 2443 in
642 2380 705 2444 illis
726 2382 874 2446 nonnihil
890 2383 1034 2466 periculi,
1049 2387 1138 2467 quod
1159 2387 1283 2469 indiget
1298 2388 1468 2463 cautione3

319 2483 382 2547 hoc
397 2482 559 2558 videlicet,
579 2505 619 2548 ne
642 2483 783 2549 sormam
807 2488 904 2550 nimis
925 2488 1094 2552 retrahant
1114 2491 1157 2554 ad
1181 2491 1375 2556 efficientem
1386 2489 1420 2569 ⁴²,
1436 2501 1468 2554 et

319 2587 522 2652 intellectum
544 2589 741 2671 perfundant
757 2590 809 2653 vel
831 2591 949 2656 saltem
971 2594 1191 2677 perstringant
1212 2595 1296 2659 falsa
1316 2595 1469 2679 opinione

317 2691 359 2754 de
377 2690 483 2755 forma
497 2713 541 2755 ex
557 2693 677 2756 intuitu
692 2693 872 2758 efficientis.
920 2695 1074 2760 Efficiens
1090 2719 1167 2762 vero
1186 2719 1317 2783 semper
1332 2701 1466 2782 ponitur

319 2795 363 2857 nil
382 2793 471 2859 aliud
491 2816 562 2860 esse
580 2816 680 2878 quam
696 2797 883 2861 vehiculum
907 2801 976 2863 sive
996 2801 1144 2865 deferens
1165 2801 1300 2867 formae.
1345 2805 1467 2868 Verum

318 3015 393 3069 Such
408 3032 456 3069 are
474 3015 522 3070 the
541 3017 626 3070 shells
640 3017 731 3071 which
744 3037 785 3074 we
804 3037 851 3074 see
871 3039 902 3075 so
922 3021 1027 3091 perfect
1048 3024 1075 3077 in
1094 3025 1182 3093 figure
1203 3027 1260 3080 and
1282 3034 1419 3082 structure
1437 3027 1466 3081 in

317 3097 473 3164 limestone,
486 3096 544 3152 and
558 3100 702 3168 gradually
714 3102 806 3170 losing
820 3104 990 3160 themselves
1005 3107 1032 3160 in
1045 3107 1094 3162 the
1113 3107 1183 3162 finer
1199 3110 1329 3176 marbles,
1343 3110 1383 3164 till
1402 3111 1468 3179 they

317 3197 369 3234 can
382 3197 420 3235 no
438 3181 534 3250 longer
550 3182 585 3237 be
601 3181 814 3252 distinguished.
852 3188 914 3242 The
933 3205 991 3256 use,
1005 3190 1074 3258 also,
1089 3191 1121 3245 oi
1135 3207 1190 3246 one
1209 3193 1278 3246 such
1296 3193 1352 3246 iact
1372 3203 1401 3247 to
1419 3211 1466 3248 ex-

318 3263 391 3333 plain
404 3280 436 3318 or
449 3265 580 3333 interpret
593 3266 719 3335 another,
732 3267 755 3320 is
769 3270 899 3324 nowhere
913 3288 944 3325 so
954 3273 1014 3326 well
1029 3291 1095 3329 seen
1108 3291 1141 3329 as
1154 3274 1182 3329 in
1195 3276 1244 3330 the
1257 3275 1364 3346 history
1377 3277 1408 3332 oi
1417 3278 1464 3331 the

318 3346 434 3401 mineral
446 3347 600 3418 kingdom!

355 3431 379 3483 lt
393 3447 457 3498 may
470 3431 504 3485 be
517 3430 619 3498 added,
633 3432 769 3499 however,
782 3433 842 3489 that
855 3436 902 3491 the
917 3437 1088 3508 application
1102 3440 1133 3495 of
1142 3441 1199 3497 this
1217 3443 1333 3498 method
1346 3453 1375 3499 to
1388 3461 1464 3498 com·

318 3513 443 3584 parative
460 3522 603 3582 anatomy,
616 3525 645 3569 to
663 3515 838 3586 physiology,
855 3520 911 3572 and
931 3531 960 3575 to
980 3522 1027 3577 the
1047 3526 1235 3594 comparative
1256 3527 1340 3596 study
1358 3527 1390 3581 oi
1405 3529 1465 3596 law,

317 3597 429 3664 morale,
443 3597 561 3665 politics,
574 3608 625 3666 art,
638 3599 698 3664 dcc,
711 3598 744 3666 is,
756 3609 786 3653 at
805 3601 884 3670 least,
897 3620 929 3658 as
947 3604 1111 3676 interesting
1129 3608 1186 3663 and
1201 3608 1364 3664 instructive
1379 3629 1411 3665 as
1431 3612 1465 3667 its

317 3679 485 3748 application
502 3689 530 3734 to
549 3681 728 3752 mineralogy.
765 3683 819 3738 See
839 3701 886 3753 my
900 3686 1046 3743 Inductive
1067 3691 1153 3759 Logic
1172 3692 1261 3747 under
1279 3694 1327 3748 the
1345 3694 1420 3748 head
1438 3695 1470 3749 oi

318 3763 454 3817 ‘Method
466 3763 497 3816 oi
506 3764 703 3819 concomitant
715 3765 895 3821 Variations’

352 3847 390 3899 At
403 3846 451 3900 the
463 3845 566 3901 instant
579 3848 658 3901 when
676 3848 723 3903 the
742 3850 940 3919 pheuomenon
953 3852 977 3907 is
989 3856 1112 3924 actually
1124 3857 1286 3926 generated,
1299 3877 1331 3913 or
1343 3862 1465 3930 actually

317 3927 457 3995 vanishes,
471 3930 517 3983 the
539 3929 666 3986 instance
685 3932 746 3987 ialls
767 3935 855 3990 under
874 3936 922 3991 the
943 3938 1060 3993 Method
1078 3939 1109 3994 oi
1123 3940 1290 3996 Difference.
1328 3945 1382 4000 See
1400 3953 1464 3999 note

316 4013 351 4079 48
364 4013 461 4066 below.

352 4093 373 4124 ⁴¹
392 4096 467 4149 That
481 4095 513 4164 is,
524 4114 556 4152 as
568 4114 622 4152 one
635 4100 739 4168 quality
752 4100 775 4154 is
789 4101 904 4171 making
918 4103 953 4157 its
966 4121 1152 4175 appearance,
1165 4108 1213 4162 the
1223 4109 1304 4163 other
1316 4109 1339 4164 is
1350 4111 1463 4166 vanish-

316 4177 380 4246 ing3
398 4179 472 4247 thus,
485 4197 517 4234 as
530 4189 729 4251 transparency
741 4183 881 4251 vanishes,
895 4186 1044 4242 whiteness
1060 4206 1188 4259 appears,
1201 4190 1259 4245 and
1271 4191 1332 4247 vice
1344 4211 1434 4248 versa.

352 4257 376 4290 ⁴²
395 4262 472 4317 Here
485 4264 579 4316 Bacon
589 4267 730 4333 expressly
740 4264 938 4336 distinguishes
948 4270 1071 4326 between
1081 4274 1129 4328 the
1137 4274 1209 4328 form
1219 4276 1276 4329 and
1286 4275 1334 4330 the
1343 4276 1462 4332 efficient

317 4361 409 4398 cause.
446 4346 508 4400 The
521 4345 641 4401 efficient
653 4365 775 4416 conveys
792 4351 841 4404 the
857 4350 936 4420 form,
951 4370 982 4407 or
998 4357 1197 4426 superinduces
1215 4357 1234 4413 it
1251 4377 1288 4414 on
1307 4377 1362 4429 any
1380 4360 1463 4430 given

307 4427 452 4501 material,
465 4429 514 4484 but
528 4429 551 4486 is
564 4440 612 4485 not
624 4443 654 4486 to
665 4432 701 4486 be
714 4431 891 4489 coniounded
904 4435 969 4490 with
982 4437 1010 4492 it.
