3308 5152
291 399 333 466 90
699 387 1030 446 rnraoovcrrom

290 553 344 615 sed
359 573 419 614 non
434 554 576 613 certificat
591 571 689 631 neque
700 563 833 614 removet
844 551 1071 629 dubitationem,
1085 563 1118 614 ut
1133 555 1266 633 quiescat
1281 553 1399 615 animus
1411 551 1441 613 in

290 653 397 712 intuitu
409 653 546 726 veritatis,
560 652 616 711 nisi
630 671 697 712 eam
713 653 843 712 inveniat
854 653 901 712 via
916 654 1130 730 experientiae;
1152 655 1222 732 quia
1233 655 1319 715 multi
1330 653 1442 713 habent

289 762 463 828 argumenta
475 752 516 811 ad
535 748 658 824 scibilia,
674 750 728 810 sed
747 751 818 828 quia
837 769 899 810 non
918 751 1031 812 habent
1050 753 1272 830 experientiam,
1289 753 1442 830 negligunt

289 868 334 923 ea,
347 867 403 908 nec
416 849 510 908 vitant
524 849 631 908 nociva
645 866 702 907 nec
716 860 934 926 persequuntur
947 851 1046 912 bona’
1075 852 1146 912 And
1159 853 1264 929 again:
1285 851 1359 926 ‘Qui
1371 868 1441 926 ergo

289 948 352 1006 vult
366 948 430 1006 sine
444 947 700 1007 demonstratione
713 947 843 1024 gaudere
857 948 896 1008 de
910 948 1083 1009 veritatibus
1102 969 1209 1023 rerum,
1224 958 1342 1026 oportet
1357 946 1440 1024 quod

289 1046 488 1121 experientiae
509 1044 582 1104 sciat
601 1063 713 1104 vacare.
759 1046 838 1104 Nam
859 1048 953 1106 multa
974 1047 1108 1106 scribunt
1128 1057 1273 1120 auctores,
1289 1056 1319 1105 et
1336 1045 1440 1121 vulgus

289 1152 371 1203 tenet
386 1162 438 1220 per
451 1132 633 1220 argdmenta,
648 1161 726 1220 quae
740 1143 825 1221 fingit
844 1144 909 1204 sine
929 1146 1118 1221 experientia,
1134 1163 1212 1222 quae
1232 1153 1301 1203 sunt
1315 1144 1440 1202 omnino

289 1243 397 1301 salsa).
422 1244 473 1301 He
492 1242 565 1302 then
584 1242 738 1318 proceeds,
753 1260 795 1301 on
815 1243 866 1304 the
884 1242 1002 1320 ground
1019 1244 1055 1303 of
1069 1244 1253 1320 experience,
1269 1252 1300 1302 to
1314 1242 1408 1301 refute
1422 1259 1440 1300 a

289 1339 417 1399 number
427 1341 463 1400 of
472 1342 573 1417 vulgar
587 1359 689 1416 errors,
702 1341 777 1400 such
786 1360 820 1400 as
831 1341 895 1402 that
906 1343 958 1401 the
969 1341 1114 1402 diamond
1124 1360 1182 1400 can
1193 1341 1263 1417 only
1273 1338 1313 1399 be
1324 1339 1439 1398 broken

290 1438 330 1515 by
346 1440 438 1515 goat's
458 1437 558 1513 blood,
575 1445 626 1498 tre.
670 1440 710 1497 At
731 1439 783 1498 the
802 1439 966 1518 beginning
986 1441 1021 1499 of
1038 1458 1102 1516 cap.
1125 1460 1151 1512 2,
1167 1439 1206 1498 he
1227 1457 1310 1515 says:
1334 1438 1439 1496 ‘Haec

289 1537 413 1596 scientia
427 1536 663 1613 experimentalis
674 1554 693 1595 a
703 1537 792 1613 vulgo
807 1538 991 1597 studentium
1003 1548 1048 1597 est
1058 1538 1177 1614 penitus
1189 1533 1340 1613 ignorata!
1367 1535 1439 1594 And

288 1634 391 1695 alittle
402 1636 514 1694 further
527 1654 568 1695 on
579 1631 620 1714 (p.
630 1635 722 1715 448):
746 1636 803 1694 ‘Et
817 1635 892 1694 haec
906 1637 1029 1696 scientia
1043 1635 1134 1696 habet
1148 1645 1207 1695 tres
1221 1651 1344 1711 magnas
1357 1650 1439 1709 prae·

289 1735 434 1809 rogativas
461 1743 597 1809 respectu
626 1733 751 1792 aliamm
779 1734 976 1793 scientiarum.
1018 1735 1091 1795 Una
1119 1744 1164 1793 est
1192 1734 1275 1809 quod
1302 1731 1438 1792 omnium

289 1831 404 1890 illarum
418 1832 627 1891 conclusiones
646 1831 763 1892 nobiles
782 1832 937 1908 investigat
956 1849 1009 1908 per
1027 1831 1246 1907 experientiam.
1290 1830 1438 1889 Scientiae

289 1930 371 1989 enim
389 1929 464 1988 aliae
483 1931 581 1989 sciunt
603 1949 656 1990 sua
677 1931 822 2007 principia
843 1929 975 1989 invenire
995 1948 1048 2005 per
1068 1929 1278 2006 experimenta,
1293 1927 1347 1987 sed
1368 1945 1439 1986 con·

288 2027 436 2086 clusiones
451 2046 504 2104 per
516 2039 691 2105 argumenta
703 2030 780 2088 facta
793 2047 829 2087 ex
843 2027 994 2104 principiis
1009 2027 1145 2086 inventis.
1176 2026 1207 2085 Si
1221 2043 1292 2085 vero
1306 2024 1437 2084 debeant

289 2124 399 2184 habere
427 2126 639 2203 experientiam
667 2127 895 2186 conclusionum
923 2144 1042 2184 suarum
1069 2124 1275 2200 particularem
1304 2133 1333 2183 et
1357 2142 1437 2182 com-

289 2223 407 2299 pletam,
426 2234 498 2282 tunc
520 2235 638 2301 oportet
659 2225 741 2302 quod
762 2223 893 2283 habeant
914 2242 967 2300 per
986 2223 1167 2299 adjutorium
1188 2222 1272 2280 istius
1295 2221 1436 2281 scientiae

288 2319 415 2380 nobilis)
457 2322 531 2382 This
552 2323 608 2383 last
629 2341 752 2399 passage
771 2323 922 2400 distinctly
935 2332 1042 2380 asserts
1062 2320 1114 2380 the
1136 2337 1189 2379 use
1210 2320 1244 2380 of
1261 2319 1436 2396 experience

287 2417 362 2478 both
383 2419 415 2478 in
435 2420 630 2500 establishing
649 2422 701 2483 the
721 2421 880 2499 principles
901 2421 936 2480 of
955 2421 1073 2480 science
1098 2418 1160 2479 and
1184 2419 1214 2477 in
1236 2419 1378 2496 verifying
1398 2418 1436 2477 its

286 2517 485 2580 conclusions.

328 2619 375 2676 To
389 2617 441 2677 the
455 2637 537 2679 same
551 2619 638 2678 effect
652 2620 676 2678 is
690 2618 741 2678 the
754 2618 894 2694 teaching
907 2618 942 2676 of
951 2636 1014 2694 cap.
1031 2635 1067 2694 13
1082 2616 1117 2676 of
1127 2616 1178 2676 the
1193 2616 1279 2692 Opus
1290 2615 1433 2675 Tertium.

288 2714 355 2774 The
370 2715 518 2793 following
532 2735 670 2794 passages
684 2717 800 2777 remind
814 2735 873 2776 one
887 2717 923 2776 of
933 2716 1054 2774 Francis
1069 2715 1196 2774 Bacon’s
1209 2714 1389 2790 conception
1404 2714 1439 2774 of

288 2814 412 2873 Natural
432 2814 616 2892 Philosophy
635 2835 668 2874 as
692 2815 743 2874 the
766 2818 876 2875 ‘mater
896 2815 1105 2874 scientiarum!
1148 2814 1224 2874 ‘Sed
1245 2823 1361 2890 praeter
1380 2812 1434 2870 has

287 2912 425 2972 scientias
439 2923 484 2972 est
498 2931 557 2972 una
576 2913 733 2989 perfectior
751 2913 900 2987 omnibus,
916 2915 965 2972 cui
984 2931 1090 2975 omnes
1104 2912 1291 2984 famulantur,
1307 2921 1337 2970 et
1356 2929 1434 2987 quae

287 3027 392 3068 omnes
407 3010 481 3068 miro
495 3010 588 3070 modo
601 3011 759 3071 certificat:
781 3021 811 3071 et
824 3012 899 3072 haec
913 3022 1035 3072 vocatur
1049 3010 1173 3070 scientia
1186 3009 1432 3086 experimentalis,

286 3124 365 3182 quae
385 3107 505 3183 negligit
525 3120 707 3184 argumenta,
728 3110 870 3185 quoniam
892 3128 954 3169 non
974 3110 1146 3182 certificant,
1167 3117 1434 3185 quantumcunque

286 3204 346 3263 sint
356 3205 450 3278 fortia,
462 3206 517 3264 nisi
528 3206 616 3265 simul
626 3207 704 3266 adsit
715 3208 895 3284 experientia
905 3207 1124 3267 conclusionis!
1155 3207 1207 3266 ‘Et
1221 3206 1295 3264 haec
1310 3205 1434 3266 scientia

285 3302 428 3361 certificat
450 3304 552 3362 omnia
574 3305 718 3363 naturalia
739 3315 769 3365 et
790 3306 952 3364 artificialia
973 3306 1004 3364 in
1024 3305 1191 3382 particulari
1212 3313 1242 3363 et
1263 3303 1295 3362 in
1316 3303 1433 3379 propria

285 3400 451 3476 disciplina,
481 3419 533 3478 per
560 3403 772 3478 experientiam
801 3404 981 3480 perfectam,
1016 3422 1078 3465 non
1109 3421 1162 3480 per
1188 3411 1371 3478 argumenta,
1400 3410 1433 3460 ut

285 3499 427 3558 scientiae
452 3518 525 3575 pure
549 3501 755 3577 speculativae,
776 3520 832 3560 nec
856 3520 909 3578 per
929 3501 1044 3562 debiles
1065 3512 1095 3562 et
1115 3501 1302 3578 imperfectas
1323 3499 1433 3576 experi-

285 3598 388 3670 entias,
405 3607 438 3656 ut
459 3597 600 3658 scientiae
621 3598 796 3674 operativae.
840 3600 880 3658 Et
901 3600 970 3660 ideo
990 3600 1066 3659 haec
1086 3609 1131 3659 est
1152 3599 1276 3658 domina
1295 3599 1433 3658 omnium

284 3695 475 3755 scientiarum
486 3695 736 3772 praecedentium,
749 3707 779 3757 et
790 3697 857 3756 finis
868 3699 958 3756 totius
969 3698 1197 3774 speculationis!
1222 3696 1293 3776 (Ed.
1307 3698 1431 3770 Brewer,

283 3811 333 3870 rp-
349 3790 475 3872 43-4t·l

325 3893 431 3968 Again,
447 3892 573 3952 another
593 3891 677 3968 point
698 3893 734 3953 of
749 3903 869 3954 contact
889 3892 1024 3955 between
1045 3893 1096 3954 the
1117 3904 1174 3954 two
1196 3897 1314 3955 Bacons
1335 3895 1359 3953 is
1380 3894 1432 3952 the

284 3990 392 4050 almost
403 3991 598 4068 exaggerated
609 3991 793 4067 importance
803 3993 900 4051 which
913 3993 984 4068 they
993 3993 1093 4051 attach
1107 4002 1139 4053 to
1154 3993 1249 4070 utility
1259 4011 1291 4052 as
1306 3993 1356 4052 the
1371 3993 1432 4052 end

283 4088 319 4148 of
330 4089 456 4148 science.
502 4090 678 4150 ‘Caeterum
705 4100 775 4149 ante
802 4091 922 4164 omnia,'
945 4108 1011 4167 says
1040 4092 1140 4167 Roget
1168 4092 1279 4163 Bacon,
1306 4091 1431 4149 ‘utilitas

283 4185 443 4264 cujuslibet
464 4187 505 4247 rei
527 4187 746 4247 consideranda
766 4189 827 4247 est)
871 4188 1077 4264 ‘Quapropter
1097 4198 1214 4264 oportet
1235 4188 1317 4264 quod
1339 4188 1431 4247 homo

284 4285 452 4345 consideret
467 4286 624 4345 utilitatem
638 4285 827 4345 scientiarum
841 4297 1002 4362 antequam
1017 4287 1203 4363 aggrediatur
1216 4286 1346 4362 singulas
1360 4286 1432 4344 divi·

283 4383 340 4441 sim
354 4384 583 4460 prosequendo?
625 4385 681 4443 ‘Et
695 4385 783 4460 igitur
801 4384 927 4460 cogitavi
946 4384 977 4442 in
996 4383 1190 4461 praeambulo
1210 4384 1431 4443 tractatuutili·

285 4489 359 4540 tates
373 4481 580 4558 philosophiae
594 4481 789 4558 praemittere,
805 4491 838 4541 ut
857 4491 929 4541 tunc
948 4481 1098 4556 scientiae,
1114 4500 1192 4560 quae
1206 4481 1343 4541 videntur
1357 4479 1430 4539 nihil
