3358 5152
309 385 373 472 328
688 391 845 448 NOVUM
864 389 1081 447 ORGANUM.

310 556 495 623 foelicitatis
525 556 696 638 cujusdam
721 564 798 620 sunt
824 556 1059 638 potiusquam
1087 552 1261 630 facultatis,
1287 564 1321 619 et
1347 557 1458 640 potius

310 662 468 745 temporis
490 672 605 744 partus
627 681 727 743 quam
752 660 883 743 ingenii.
930 658 992 721 Est
1009 658 1096 720 enlm
1112 669 1201 723 certe
1222 677 1316 723 casus
1339 660 1459 743 aliquis

311 786 376 829 non
399 766 512 853 minus
531 766 564 828 in
590 763 845 848 cogitationibus
867 761 1028 836 humanis,
1051 783 1150 844 quam
1182 763 1216 826 in
1246 764 1400 847 operibus
1425 774 1459 828 et

306 850 414 934 lactis.

803 952 969 1018 CXXIII.

357 1077 475 1158 Itaque
491 1063 665 1140 dicendum
682 1077 723 1140 de
740 1075 835 1139 nobis
854 1074 933 1158 ipsis
951 1077 1042 1157 quod
1059 1072 1146 1138 ille⁵¹
1164 1095 1224 1157 per
1234 1075 1347 1156 jocum
1364 1076 1460 1153 dixit,

311 1181 502 1264 praesertim
524 1199 600 1244 cum
620 1189 690 1243 tam
709 1181 793 1243 bene
814 1198 884 1242 rem
905 1188 1009 1245 secet:
1023 1179 1109 1262 fieri
1127 1199 1189 1243 nun
1203 1188 1312 1262 potest
1324 1189 1362 1242 ut
1375 1179 1461 1243 idem

310 1285 463 1359 sentiant,
478 1284 537 1364 qui
549 1304 669 1365 aquam
688 1292 721 1346 et
736 1283 794 1364 qui
808 1283 921 1346 vinum
936 1281 1055 1346 bibant.
1101 1281 1152 1348 At
1167 1284 1286 1347 caeteri
1301 1283 1461 1358 homines,

312 1398 381 1452 tam
396 1396 526 1451 veteres
541 1407 641 1469 quam
657 1388 744 1464 novi,
758 1384 919 1468 liquorem
935 1386 1088 1450 biberunt
1103 1387 1241 1450 crudum
1255 1388 1288 1450 in
1309 1387 1461 1462 scientiis,

312 1502 471 1574 tanquam
495 1511 616 1574 aquam
639 1491 692 1554 vel
715 1499 834 1574 sponte
857 1511 900 1553 ex
924 1489 1091 1570 intellectu
1119 1501 1306 1555 manantem
1330 1490 1381 1554 vel
1404 1510 1462 1573 per

312 1595 527 1672 dialecticam,
551 1605 709 1677 tanquam
733 1615 792 1678 per
815 1603 906 1658 rotas
928 1614 972 1657 ex
995 1604 1105 1676 puteo,
1126 1595 1290 1660 haustam.
1335 1595 1385 1659 At
1400 1615 1463 1659 nos

312 1699 476 1783 liquorem
496 1698 642 1763 bibimus
666 1707 699 1762 et
720 1699 934 1782 propinamus
957 1719 1001 1762 ex
1019 1698 1154 1764 infinitis
1174 1698 1358 1764 confectam
1382 1701 1463 1775 uvis,

313 1805 418 1886 iisque
435 1805 571 1867 maturis
586 1812 621 1868 et
636 1803 850 1886 tempestivis,
861 1811 895 1866 et
907 1823 966 1886 per
978 1822 1127 1868 racemos
1142 1804 1304 1885 quosdam
1317 1801 1464 1868 collectis

314 1928 351 1973 ac
378 1907 547 1990 decerptis,
572 1917 607 1972 et
630 1906 772 1971 subinde
796 1906 829 1969 in
849 1905 1004 1971 torculari
1028 1908 1156 1990 pressis,
1179 1926 1218 1971 ac
1240 1917 1409 1991 postremo
1431 1907 1463 1970 in

314 2032 392 2075 vase
407 2012 589 2104 repqrgatis
610 2020 644 2075 et
664 2008 858 2074 clarificatis.
904 2010 1022 2094 Itaque
1037 2009 1082 2074 nil
1100 2011 1218 2074 mirum
1234 2011 1262 2076 si
1278 2011 1373 2076 nobis
1388 2031 1463 2075 cum

314 2115 386 2179 aliis
401 2135 467 2178 non
483 2115 664 2180 conveniat.

816 2199 975 2266 CXXIV.

360 2321 518 2388 Occurret
534 2321 751 2406 proculdubio
764 2331 797 2386 et
810 2321 908 2387 illud:
932 2341 992 2386 nec
1008 2331 1131 2386 metam
1143 2331 1201 2388 aut
1213 2341 1351 2406 scopum
1362 2323 1464 2387 scien·

315 2427 436 2491 tiarum
451 2446 471 2489 a
488 2427 583 2489 nobis
604 2425 682 2510 ipsis
698 2421 745 2510 (id
761 2426 850 2508 quod
870 2426 904 2488 in
919 2425 991 2489 aliIs
1006 2423 1288 2511 reprehendimus)
1303 2447 1416 2490 verum
1432 2435 1465 2491 et

315 2530 478 2614 optimum
491 2528 675 2613 praefixum
688 2550 768 2594 esse.
799 2529 883 2593 Esse
893 2530 979 2592 enim
992 2529 1305 2612 contemplationem
1321 2531 1466 2595 veritatis

316 2633 407 2697 omni
421 2651 559 2717 operum
575 2633 717 2698 utilitate
733 2644 767 2698 et
783 2633 1010 2716 magnitudine
1028 2634 1210 2716 digniorem
1227 2645 1261 2698 et
1276 2634 1465 2699 celsiorem:

316 2737 449 2821 longam
462 2757 541 2800 vero
550 2738 647 2801 istam
657 2746 691 2803 et
701 2737 877 2801 sollicitam
889 2756 1015 2802 moram
1025 2737 1058 2799 in
1071 2739 1275 2821 experientia
1286 2749 1319 2802 et
1329 2737 1467 2802 materia

317 2852 351 2907 et
367 2861 475 2905 rerum
491 2841 736 2923 particularium
753 2841 907 2906 fluctibus
929 2850 1075 2906 mentem
1089 2842 1191 2906 veluti
1206 2840 1310 2907 humo
1325 2843 1467 2927 affigere,

316 2945 369 3010 vel
385 2946 496 3030 potius
512 2947 544 3008 in
560 2945 736 3009 Tartarum
761 2946 930 3028 quoddam
947 2945 1145 3010 confusionis
1161 2955 1195 3011 et
1210 2947 1467 3029 perturbationis

317 3050 477 3132 dejicere;
501 3059 602 3132 atque
617 3050 659 3114 ab
672 3051 860 3114 abstractae
875 3049 1055 3133 sapien-tiae
1070 3051 1246 3115 serenitate
1261 3060 1295 3115 et
1310 3051 1466 3134 tranquil-

317 3155 411 3218 litate
425 3151 598 3238 (tanquam
614 3175 634 3218 a
650 3162 738 3216 statu
759 3151 864 3217 multo
880 3151 1052 3241 diviniore)
1068 3174 1177 3219 arcere
1196 3164 1231 3219 et
1249 3174 1467 3220 summovere.

317 3258 390 3322 Nos
404 3279 482 3323 vero
497 3257 572 3323 huic
587 3258 706 3322 rationi
722 3257 860 3322 libenter
875 3259 1091 3337 assentimur3
1115 3268 1148 3322 et
1163 3258 1227 3324 hoc
1243 3259 1359 3341 ipsum,
1375 3261 1466 3342 quod

318 3363 457 3426 innuunt
479 3381 519 3426 ac
541 3371 746 3447 praeoptant,
770 3362 946 3447 praecipue
971 3373 1073 3445 atque
1099 3373 1177 3427 ante
1198 3364 1309 3428 omnia
1329 3365 1466 3448 agimus.

319 3465 454 3529 Etenim
464 3486 577 3529 verum
589 3466 761 3549 exemplar
770 3466 884 3529 mundi
896 3466 928 3528 in
937 3466 1105 3531 intellectu
1115 3468 1262 3531 humano
1271 3467 1448 3531 fundamus
1461 3492 1469 3544 ;

319 3567 417 3652 quale
433 3569 604 3646 invenitur,
616 3590 683 3633 non
695 3569 794 3652 quale
806 3569 948 3654 cuipiam
964 3591 1023 3634 sua
1039 3571 1172 3654 propria
1187 3573 1271 3635 ratio
1286 3572 1468 3636 dictaverit.

321 3673 398 3737 Hoc
410 3683 523 3736 autem
533 3671 644 3754 perfici
658 3693 723 3737 non
734 3681 854 3757 potest,
865 3675 925 3737 nisi
938 3674 1023 3739 facta
1035 3675 1148 3738 mundi
1160 3675 1356 3739 dissectione
1368 3686 1468 3758 atque

319 3777 488 3842 anatomia
502 3776 761 3860 diligentissima.
808 3777 966 3842 Modulos
982 3798 1059 3841 vero
1075 3778 1204 3860 ineptos
1221 3780 1419 3843 mundorum
1435 3789 1468 3843 et

318 3891 476 3962 tanquam
499 3878 690 3960 simiolas⁵²‚
707 3900 790 3963 quas
807 3881 839 3944 iu
855 3880 1072 3964 philosophiis
1088 3880 1282 3965 phantasiae
1296 3881 1468 3948 hominum

320 3993 549 4057 extruxerunt,
564 3985 698 4048 omnIno
714 3985 923 4068 dissipandas
941 3986 1108 4050 edicimus.
1154 3984 1267 4051 Sciant
1282 3988 1393 4070 itaque
1408 3987 1468 4051 ho·

354 4145 375 4178 ³¹
395 4149 463 4203 Said
477 4149 514 4218 by
532 4149 703 4204 Philocrates
716 4150 749 4203 os
767 4151 993 4205 Demosthenes:
1012 4147 1190 4205 enumeras&
1203 4153 1218 4204 d
1230 4153 1388 4222 Φιλοκράτης
1400 4153 1469 4221 μάλα

319 4231 475 4300 ὑβριστικῶς
503 4230 586 4299 οὐδέν,
610 4233 672 4300 ἔφη,
696 4232 852 4302 θαυμαστόν,
873 4232 893 4286 ὦ
917 4233 1008 4302 ἄνδρες
1025 4231 1162 4301 Ἀθηναῖοι,
1186 4233 1220 4303 μὴ
1244 4234 1324 4288 ταύτὰ
1348 4235 1405 4303 ἐμοὶ
1429 4235 1470 4289 καὶ

321 4314 480 4382 Δημοσθένει
499 4314 591 4368 δοκεῖν·
609 4313 683 4371 οὗτος
694 4317 741 4384 μὲν
758 4317 809 4386 γὰρ
823 4314 902 4386 ὕδωρ,
914 4317 965 4388 ἐγὼ
982 4316 1010 4371 δὲ
1025 4311 1093 4371 οἶνον
1104 4318 1178 4373 πίνω.
1214 4318 1255 4372 καὶ
1272 4318 1342 4388 ὑμεῖς
1354 4319 1469 4388 ἐγελᾶτε.

323 4398 468 4453 Demosth
484 4398 528 4453 De
542 4400 626 4454 Falsa
640 4399 801 4468 Legatione,
814 4418 841 4470 p.
856 4413 915 4469 355.

358 4477 379 4510 ⁵²
397 4481 541 4552 ‘Apings,’
555 4481 738 4538 ‘mimicries'
773 4484 836 4538 The
848 4485 923 4538 word
937 4483 960 4538 is
973 4495 1022 4540 not
1032 4484 1168 4553 classieal,
1180 4485 1287 4556 though
1301 4484 1425 4540 simIolus
1438 4485 1469 4542 is.
