3342 5152
719 417 800 473 rra.
822 417 863 475 Jl.
888 427 940 477 20.
1329 430 1393 492 409

330 585 434 650 ferreo
457 585 606 650 immisso
628 585 659 648 in
682 585 815 668 ignem:
845 585 923 668 quia
945 586 972 649 si
996 585 1195 649 immittatur
1217 587 1393 669 perpendi-

330 689 485 754 culariter
508 691 652 754 tenendo
678 711 812 753 manum
837 690 994 774 superius,
1019 690 1084 754 cito
1107 710 1240 754 manum
1264 691 1393 765 adurit3

260 798 265 808 ’
331 793 381 856 sin
397 813 440 856 ex
456 793 558 857 latere
572 805 629 859 aut
646 788 785 868 inferius,
803 794 938 859 omnino
953 795 1089 858 tardius.

374 894 558 981 Conspicua
583 899 683 962 etiam
708 907 756 962 est
782 899 814 961 in
839 898 1107 963 distillationibus
1134 918 1193 982 per
1219 899 1392 962 descenso-

329 1000 412 1063 rium
425 1024 432 1076 ;
454 1001 574 1084 quibus
589 1012 726 1066 utuntur
740 1000 891 1066 homines
906 1003 949 1066 ad
965 1002 1061 1067 flores
1076 1002 1292 1076 delicatiores,
1311 1021 1393 1084 quo-

324 1123 397 1167 rum
421 1105 540 1169 odores
562 1105 657 1170 facile
680 1117 886 1170 evanescunt.
932 1107 1021 1170 Nam
1047 1106 1115 1171 hoc·
1136 1107 1256 1189 reperit
1280 1105 1392 1168 indus-

328 1208 402 1284 tria,
417 1218 456 1272 ut
471 1207 634 1275 collocent
651 1209 762 1292 ignem
783 1230 848 1274 non
869 1211 983 1274 subter
1004 1211 1063 1274 sed
1086 1230 1194 1293 supra,
1217 1218 1253 1273 ut
1273 1210 1392 1274 adurat

329 1311 436 1375 minus
446 1309 479 1376 ¹⁵.
525 1313 643 1396 Neque
658 1313 745 1376 enim
762 1312 897 1378 flamma
911 1324 1041 1378 tantum
1056 1315 1162 1396 vergit
1177 1333 1316 1388 sursum,
1332 1314 1391 1377 sed

328 1405 430 1480 etiam
446 1436 545 1480 omne
558 1417 711 1482 calidum.

348 1528 350 1533 ’
372 1519 448 1584 Fiat
463 1529 574 1584 autem
590 1522 854 1604 experimentum
875 1521 973 1604 hujus
988 1522 1032 1584 rei
1049 1521 1081 1584 in
1098 1519 1260 1586 contraria
1275 1529 1392 1584 natura

329 1621 462 1706 frigidi:
485 1625 547 1688 viz.
572 1633 681 1688 utrum
707 1624 808 1710 frigus
831 1646 897 1690 non
919 1624 1092 1690 contrahat
1114 1645 1233 1708 corpus
1254 1625 1390 1688 descen·

328 1725 439 1791 dendo
465 1729 628 1808 deorsum,
651 1730 935 1812 quemadmodum
959 1729 1103 1794 calidum
1131 1728 1250 1792 dilatat
1273 1748 1391 1810 corpus

265 1865 272 1878 ·
327 1831 537 1896 ascendendo
552 1853 692 1897 sursum.
739 1832 857 1916 Itaque
873 1832 1094 1897 adhibeantur
1109 1833 1176 1896 duo
1192 1830 1311 1896 bacilla
1328 1832 1390 1894 fer-

328 1955 392 2012 rea,
407 1935 458 2000 vel
474 1936 541 2000 duo
557 1937 629 2002 tubi
649 1937 755 2014 vitrei,
775 1937 886 2020 quoad
909 1947 1039 2002 caetera
1062 1957 1166 2020 pares,
1186 1946 1219 1999 et
1240 1934 1391 2001 calefiant

275 2033 276 2037 ’
327 2038 493 2116 nonnihil;
515 2051 548 2105 et
569 2051 711 2123 ponatur
729 2041 869 2124 spongia
891 2061 965 2106 cum
988 2061 1075 2124 aqua
1097 2040 1226 2124 frigida,
1249 2039 1301 2103 vel
1322 2039 1392 2116 nix,

327 2143 442 2207 subter
462 2163 571 2221 unam,
598 2155 632 2210 et
656 2144 805 2209 similiter
831 2166 930 2228 super
951 2143 1100 2208 alteram.
1147 2143 1391 2207 Existimamus

328 2247 416 2309 enim
436 2246 627 2313 celeriorem
650 2247 719 2312 fore
742 2249 1023 2331 refrigerationem
1047 2249 1090 2312 ad
1112 2247 1343 2312 extremitates
1357 2247 1390 2310 in

327 2371 367 2414 eo
391 2349 510 2416 bacillo
536 2352 592 2416 ubi
619 2352 678 2415 nix
707 2353 842 2436 ponitur
871 2373 970 2436 supra
999 2373 1100 2435 quam
1125 2353 1159 2415 in
1186 2372 1226 2415 eo
1251 2351 1307 2415 ubi
1331 2351 1390 2415 nix

326 2455 461 2535 ponitur
476 2456 609 2522 subter:
633 2467 746 2521 contra
762 2477 801 2522 ac
820 2455 859 2520 fit
874 2457 906 2519 in
922 2455 1041 2522 calido.

373 2643 488 2709 Tertia
501 2643 690 2728 differentia
709 2667 748 2711 ea
768 2658 839 2725 est;
862 2657 899 2712 ut
922 2647 1011 2712 calor
1032 2644 1074 2711 sit
1099 2656 1218 2724 motus,
1241 2666 1307 2709 non
1331 2666 1389 2709 ex·

325 2750 480 2830 pansivus
501 2750 706 2815 uniformiter
717 2748 745 2789 ¹⁰
764 2753 945 2816 secundum
964 2762 1083 2829 totum,
1107 2751 1164 2814 sed
1188 2749 1389 2833 expansivus

326 2873 385 2935 per
400 2853 578 2936 particulas
601 2856 745 2920 minores
756 2853 780 2894 ¹⁷
800 2857 968 2940 corporis;
993 2865 1027 2918 et
1050 2854 1147 2918 simul
1170 2853 1335 2919 cohibitus
1356 2863 1391 2918 et

326 2954 476 3040 repulsus
497 2969 531 3022 et
554 2959 789 3035 reverberatus,
819 2960 904 3024 adeo
935 2970 971 3023 ut
1002 2960 1118 3024 induat
1141 2969 1270 3022 motum
1292 2957 1390 3022 alter-

273 3176 295 3208 ¹⁵
315 3179 390 3233 Heat
403 3178 488 3250 being
500 3180 675 3251 propagated
684 3180 713 3236 in
723 3179 826 3252 liquids
838 3181 909 3236 both
920 3181 959 3250 by
967 3179 1133 3236 convection
1143 3179 1199 3234 and
1212 3177 1389 3245 conduction,

237 3261 294 3316 and
306 3277 385 3316 more
398 3262 426 3316 in
438 3263 486 3317 the
499 3262 601 3320 former
613 3281 674 3334 way
687 3266 754 3320 than
772 3265 821 3320 the
837 3264 928 3332 latter,
942 3263 962 3318 it
976 3262 1030 3316 will
1043 3264 1078 3317 be
1092 3262 1168 3333 plain
1186 3261 1258 3317 from
1270 3263 1319 3317 the
1336 3263 1389 3317 last

236 3354 301 3400 note
320 3345 381 3400 that
394 3345 416 3400 it
432 3347 551 3402 ascends
569 3347 598 3402 in
617 3349 694 3404 them
712 3365 789 3403 more
808 3347 921 3418 quickly
934 3349 1003 3402 than
1023 3346 1044 3401 it
1064 3347 1213 3401 descends.
1249 3347 1358 3413 Hence,
1371 3363 1389 3400 a

236 3428 325 3500 liquid
338 3429 391 3483 will
404 3429 439 3484 be
451 3431 575 3485 warmed
587 3447 665 3487 more
678 3432 773 3501 slowly
785 3431 823 3500 by
836 3448 854 3485 a
867 3431 916 3486 fire
928 3431 1019 3486 above
1031 3431 1099 3484 than
1112 3430 1151 3499 by
1162 3447 1180 3484 a
1193 3430 1243 3484 fue
1254 3429 1353 3484 below.

271 3509 293 3542 ¹⁸
311 3513 387 3567 That
407 3511 430 3568 is
448 3523 477 3568 to
495 3531 555 3584 say,
570 3531 650 3570 some
667 3515 799 3586 particles
816 3531 865 3570 are
884 3513 988 3570 beated
1006 3513 1105 3568 before
1124 3513 1228 3580 others,
1240 3512 1307 3579 and,
1322 3529 1390 3566 con-

236 3597 389 3666 sequently,
403 3597 452 3652 the
464 3597 554 3652 whole
572 3615 649 3652 mass
667 3597 699 3666 is,
712 3607 741 3653 at
758 3615 815 3668 any
827 3597 911 3668 given
929 3598 1004 3663 time,
1018 3596 1124 3652 heated
1142 3596 1292 3666 unequally
1305 3596 1334 3650 in
1354 3594 1390 3650 its

235 3677 366 3735 different
384 3689 471 3749 parts.
508 3680 580 3736 This
599 3681 802 3736 circumstance
821 3682 889 3736 does
910 3689 967 3749 not,
984 3681 1122 3747 however,
1141 3688 1258 3750 prevent
1276 3681 1325 3734 the
1345 3696 1389 3734 ex·

235 3762 356 3832 pansion
369 3763 402 3817 of
411 3765 458 3819 the
469 3764 547 3834 body
559 3782 591 3819 as
610 3782 628 3819 a
640 3765 738 3831 whole,
750 3764 841 3819 which
858 3773 932 3818 must
949 3765 985 3820 be
998 3781 1016 3818 a
1034 3780 1185 3833 necessary
1197 3779 1390 3834 consequence

235 3845 267 3900 of
276 3847 323 3901 the
336 3847 488 3917 expansion
501 3848 534 3902 of
543 3864 614 3903 even
626 3865 644 3902 a
657 3849 768 3918 portion
781 3848 813 3902 of
823 3848 858 3903 its
871 3847 1040 3903 constituent
1053 3847 1191 3918 particles.
1228 3849 1282 3902 See
1297 3854 1363 3902 note
1374 3849 1390 3900 8

235 3929 335 3984 above.

270 4011 291 4043 ¹⁷
313 4014 339 4068 lt
351 4012 375 4068 is
388 4014 420 4068 of
432 4014 604 4084 importance
617 4025 646 4069 to
663 4014 758 4070 notice
775 4016 824 4070 the
837 4015 946 4085 precise
964 4014 1124 4086 expression
1142 4011 1293 4084 employed
1312 4013 1388 4080 here,

235 4095 400 4166 ‘particulas
425 4098 548 4154 minores
574 4099 715 4170 corporis!
753 4100 787 4152 In
813 4101 861 4154 the
884 4099 994 4169 Quarta
1013 4096 1188 4164 Differentia,
1207 4096 1266 4166 just
1291 4095 1388 4162 below,

234 4180 314 4234 these
327 4181 498 4251 ‘particulae
506 4181 645 4237 minores’
658 4198 691 4235 or
703 4182 711 4210 ‘
718 4182 858 4237 minutae’
872 4200 919 4236 are
931 4183 1034 4250 clearly
1042 4179 1250 4250 distinguished
1258 4179 1330 4234 from
1340 4179 1389 4234 the

235 4263 367 4317 ultimate
390 4265 519 4336 particles
539 4265 571 4319 of
587 4275 690 4321 matter
707 4267 790 4334 l‘non
803 4266 841 4320 ad
857 4275 1010 4321 extremam
1029 4263 1222 4330 subtilitatem,
1238 4263 1289 4318 sed
1308 4263 1388 4333 quasi

233 4345 406 4416 majusculae
416 4348 444 4418 ').
489 4349 582 4404 There
601 4349 625 4404 is
646 4350 713 4404 thus
733 4367 751 4404 a
771 4349 965 4404 considerable
984 4348 1142 4414 difference‚
1165 4356 1214 4401 not
1237 4346 1339 4401 indeed
1359 4346 1392 4400 of

233 4428 302 4484 kind
320 4430 370 4485 but
389 4430 421 4487 of
436 4431 547 4501 degree,
561 4433 686 4487 between
706 4433 828 4488 Bacon’s
851 4441 999 4488 statement
1019 4432 1049 4486 of
1069 4432 1117 4488 the
1137 4432 1250 4508 Theory
1262 4429 1293 4486 of
1310 4431 1386 4486 Heat

233 4512 290 4568 and
302 4514 362 4568 that
375 4514 407 4570 of
417 4532 494 4572 more
506 4525 601 4572 recent
614 4515 729 4584 writers,
742 4516 799 4571 like
812 4517 943 4586 Tyndall.
