3250 5138
631 415 713 471 LIB.
736 416 780 472 ΙΙ.
798 407 850 486 48.
1251 421 1315 494 553

166 580 270 664 nugis,
294 581 511 646 certissimum
543 590 593 645 est
619 592 730 665 partes
759 580 914 665 singulas,
937 590 1006 646 tam
1033 579 1192 645 similares
1216 601 1316 663 quam

166 687 347 769 organicas,
363 687 395 749 in
410 686 649 770 vegetabilibus
671 697 705 752 et
723 685 928 762 animalibus,
947 706 1062 750 succos
1084 685 1316 749 alimentorum

167 811 300 854 suorum
322 789 390 854 lere
412 810 612 870 communes,
631 800 687 854 aut
709 811 774 854 non
798 790 939 853 multum
963 790 1117 866 diversos,
1136 789 1244 872 primo
1267 797 1315 852 at·

167 893 296 958 trahere
317 914 393 958 cum
414 895 573 959 nonnullo
593 895 731 971 delectu,
749 895 868 958 deinde
886 893 1076 968 assimilare,
1092 902 1126 956 et
1141 903 1266 956 vertere
1285 893 1317 955 in

167 1006 319 1060 naturam
334 1019 437 1063 suam.
483 999 603 1081 Neque
620 999 814 1063 assimilatio
830 999 902 1072 ista,
918 1009 976 1062 aut
989 995 1159 1078 generatio
1174 997 1319 1078 simplex,

167 1100 205 1163 fit
217 1101 324 1165 solum
341 1103 374 1165 in
386 1105 579 1185 corporibus
595 1103 758 1178 animatis,
767 1123 881 1166 verum
898 1111 932 1166 et
948 1102 1129 1164 inanimata
1144 1122 1189 1164 ex
1204 1101 1266 1164 hac
1284 1121 1318 1163 re

168 1205 386 1288 participant3
409 1207 511 1270 veluti
525 1209 568 1271 de
583 1205 719 1271 flamma
733 1217 767 1271 et
783 1213 858 1269 ae're
876 1207 1001 1269 dictum
1018 1215 1078 1268 est.
1123 1203 1315 1286 Quinetiam

167 1309 301 1390 spiritus
320 1319 488 1373 emortuus
497 1310 534 1388 ²⁹,
549 1311 605 1394 qui
625 1311 657 1374 in
676 1311 766 1374 omni
788 1309 936 1393 tangibili
957 1308 1105 1372 animato
1123 1309 1317 1384 continetur,

169 1411 202 1475 id
229 1423 388 1496 perpetuo
415 1415 494 1497 agit,
519 1425 556 1478 ut
583 1424 692 1497 partes
723 1415 896 1478 crassiores
926 1412 1056 1495 digerat
1086 1423 1119 1477 et
1149 1422 1258 1476 vertat
1284 1413 1317 1476 in

168 1517 329 1598 spiritum,
352 1519 408 1600 qui
431 1519 550 1583 deinde
576 1529 695 1595 exeat;
724 1520 813 1582 unde
839 1516 876 1580 fit
903 1517 1079 1580 diminutio
1106 1518 1260 1598 ponderis
1285 1527 1318 1580 et

169 1621 358 1694 exsiccatio,
383 1633 419 1686 ut
446 1621 522 1687 alibi
547 1625 695 1687 diximus
704 1621 739 1688 ³⁰.
792 1622 911 1704 Neque
933 1621 1033 1685 etiam
1059 1619 1244 1703 respuenda
1268 1631 1318 1684 est

170 1723 202 1786 in
228 1726 463 1790 assimilatione
491 1728 634 1791 accretio
664 1725 727 1799 illa,
752 1746 852 1808 quam
876 1723 976 1808 vulgo
1002 1725 1045 1787 ab
1071 1724 1320 1788 alimentatione

170 1829 394 1912 distinguunt;
432 1831 533 1895 veluti
566 1852 641 1897 cum
675 1832 780 1895 lutum
791 1827 818 1866 ³¹
849 1831 932 1893 inter
964 1828 1093 1912 lapillos
1127 1829 1318 1903 concrescit,

170 1941 202 1995 et
229 1934 368 1998 vertitur
393 1935 426 1997 in
453 1937 624 1999 materiam
654 1936 840 2019 lapideam;
874 1953 1066 2016 squammae
1093 1933 1177 1996 circa
1203 1933 1320 1996 dentes

169 2047 342 2101 vertuntur
358 2039 390 2102 in
406 2040 625 2104 substantiam
646 2060 713 2103 non
732 2040 840 2102 minus
861 2039 977 2101 duram
997 2057 1096 2119 quam
1113 2047 1189 2100 sunt
1205 2038 1321 2100 dentes

170 2140 241 2223 ipsi,
266 2151 328 2205 etc.
385 2141 508 2207 Sumus
543 2143 630 2206 enim
664 2144 695 2206 in
725 2165 764 2207 ea
799 2142 964 2225 opinione,
993 2141 1098 2207 inesse
1128 2142 1321 2222 corporibus

170 2246 324 2310 omnibus
349 2248 548 2312 desiderium
578 2248 792 2324 assimilandi,
819 2267 884 2310 non
917 2247 1024 2310 minus
1054 2265 1153 2328 quam
1181 2246 1320 2309 coeundi

170 2349 214 2412 ad
238 2349 465 2434 homogenea3
490 2372 605 2415 verum
631 2352 752 2436 ligatur
777 2352 839 2415 ista
866 2351 977 2426 virtus,
997 2349 1081 2414 sicut
1107 2359 1141 2412 et
1163 2348 1228 2423 illa,
1246 2348 1321 2413 licet

172 2472 238 2516 non
261 2454 376 2518 iisdem
400 2457 516 2520 modis,
562 2456 630 2521 Sed
655 2456 773 2519 modos
797 2455 879 2529 illos,
904 2474 1031 2517 necnon
1056 2452 1255 2516 solutionem
1278 2452 1321 2516 ab

171 2556 297 2634 iisdem,
320 2560 410 2622 omni
433 2561 606 2644 diligentia
628 2561 790 2642 inquirere
814 2568 956 2643 oportet,
983 2558 1060 2640 quia
1088 2558 1253 2641 pertinent
1276 2557 1321 2621 ad

171 2663 350 2726 senectutis
380 2663 650 2729 refocillationem
660 2663 696 2728 ³².
752 2665 924 2728 Postremo
948 2663 1077 2726 videtur
1107 2670 1222 2725 notatu
1250 2661 1322 2744 dig·

171 2785 258 2841 num,
285 2768 375 2848 quod
409 2769 442 2832 in
475 2769 630 2833 novem³³
661 2769 723 2832 illis
756 2769 912 2843 motibus,
943 2768 985 2830 de
1013 2765 1134 2848 quibus
1163 2765 1320 2842 diximus,

169 2888 308 2952 corpora
324 2881 453 2936 tantum
476 2885 612 2938 naturae
632 2895 712 2937 suae
732 2873 1014 2938 conservationem
1034 2879 1189 2952 appetere
1204 2869 1319 2932 viden·

171 2981 244 3052 tur;
268 2975 301 3038 in
317 2975 379 3040 hoc
395 2978 524 3043 decimo
538 2990 651 3043 autem
666 2978 948 3062 propagationem.

208 3197 230 3230 ²⁹
250 3200 296 3254 On
308 3202 355 3256 the
368 3200 530 3257 distinction
542 3203 669 3257 between
682 3203 730 3257 the
749 3201 877 3272 ‘spiritus
890 3199 1048 3254 mortualis’
1060 3198 1117 3253 and
1130 3197 1178 3252 the
1194 3195 1324 3267 ‘spiritus

173 3281 284 3351 vitalis:
302 3301 349 3340 see
369 3285 496 3340 Historia
513 3285 597 3341 Vitae
618 3295 646 3340 et
667 3285 777 3350 Mortis,
796 3286 829 3338 E.
849 3284 906 3337 and
926 3283 964 3349 S.,
983 3284 1035 3336 vol.
1052 3281 1078 3336 ii.
1097 3299 1143 3351 pp.
1157 3292 1252 3346 214-7.
1291 3281 1323 3334 ln

174 3369 288 3422 Canons
301 3368 348 3432 vii,
359 3367 416 3436 viii,
429 3369 465 3424 he
478 3370 576 3424 makes
590 3370 637 3424 the
650 3385 728 3424 same
740 3367 866 3423 remarks
877 3383 911 3420 as
924 3365 951 3419 in
965 3365 1013 3420 the
1025 3375 1138 3436 present
1151 3380 1279 3435 passage.

208 3447 230 3480 ³⁰
248 3451 302 3506 See
314 3449 341 3505 ii.
354 3465 397 3518 40.

209 3531 228 3563 ⁸¹
250 3535 297 3589 He
309 3552 407 3591 means
424 3537 486 3606 clay
499 3537 592 3592 mixed
605 3553 643 3606 up
655 3534 721 3590 with
739 3536 856 3605 pebbles
869 3551 902 3589 or
913 3533 1016 3604 gravei,
1029 3547 1061 3586 as
1075 3529 1103 3585 in
1118 3530 1325 3599 conglomerate

174 3627 270 3674 strata.
301 3619 363 3674 The
374 3619 532 3675 induration
543 3621 632 3675 would
642 3620 705 3674 take
714 3619 792 3689 place
801 3620 860 3690 just
868 3635 900 3672 as
910 3617 1023 3685 readily,
1034 3615 1057 3669 il
1066 3615 1086 3669 it
1096 3630 1167 3669 were
1176 3612 1324 3679 detacbed,

174 3701 309 3771 pmvided
323 3703 343 3758 it
356 3721 427 3759 were
441 3705 585 3774 subjected
597 3713 627 3758 to
639 3705 687 3758 the
700 3718 778 3757 same
791 3701 942 3756 influences
956 3701 984 3754 in
998 3699 1080 3753 other
1091 3706 1225 3766 respects.

209 3781 232 3814 ⁸²
249 3787 293 3840 To
311 3787 400 3841 attain
419 3787 476 3842 this
494 3788 551 3843 end
568 3787 592 3842 is
608 3788 656 3842 the
675 3785 808 3856 practical
828 3784 919 3853 object
932 3783 963 3837 oi
978 3782 1027 3838 the
1041 3780 1186 3836 ‘Historia
1198 3779 1280 3836 Vitae
1296 3789 1325 3833 et

176 3868 294 3924 Mortis'
332 3872 385 3926 See
397 3872 458 3926 also
472 3873 517 3926 De
529 3869 704 3941 Augmentis,
717 3869 764 3923 lib.
778 3869 813 3923 iv.
826 3885 887 3938 cap.
901 3882 926 3920 2.

209 3954 273 4006 The
292 3953 369 4007 word
394 3954 589 4022 ‘refocillatiq’
610 3953 700 4008 which
720 3951 744 4006 is
762 3962 811 4006 not
829 3960 859 4005 to
880 3951 916 4004 be
933 3948 1019 4003 found
1038 3947 1067 4000 in
1086 3945 1214 4000 classical
1233 3943 1325 4012 Latin,

175 4035 282 4106 though
301 4037 350 4092 the
368 4039 436 4092 verb
454 4039 577 4093 refocillo
590 4038 614 4092 is
626 4036 814 4104 occasionally
826 4034 914 4088 iound
930 4033 958 4087 in
975 4031 1197 4101 post-Augustan
1211 4027 1325 4092 writers,

175 4118 321 4174 occursio
341 4138 418 4176 some
440 4122 472 4177 oi
494 4123 541 4175 the
562 4122 609 4175 old
629 4121 743 4190 College
767 4134 874 4189 graces,
893 4134 934 4184 as,
952 4116 995 4169 ior
1019 4115 1152 4180 instance,
1172 4111 1200 4165 in
1218 4111 1278 4165 that
1297 4110 1330 4165 oi

177 4201 292 4257 Lincoln
312 4205 435 4274 College,
449 4205 574 4260 Oxford:
594 4203 730 4274 ‘Agimus
749 4201 814 4256 Tibi
833 4199 937 4270 gratias
956 4216 1006 4269 pro
1024 4197 1043 4234 ἱ
1059 4195 1078 4232 *
1095 4194 1113 4231 *
1131 4193 1327 4266 praesentique

176 4286 392 4343 refocillatione!

211 4366 233 4398 '⁰³
252 4369 336 4438 Nine,
350 4373 411 4426 that
430 4371 453 4426 is
472 4380 502 4426 to
521 4389 579 4440 say,
592 4368 739 4438 excluding
756 4369 805 4423 the
823 4367 882 4422 first
902 4365 1036 4422 socalled
1055 4361 1180 4430 ‘motus’
1193 4360 1284 4416 which
1303 4359 1327 4416 is

177 4469 308 4508 common
326 4465 356 4510 to
374 4456 411 4510 all
430 4466 539 4524 matter,
554 4455 611 4510 and
629 4453 660 4509 ol
673 4452 764 4508 which
781 4468 819 4507 no
834 4452 976 4522 examples
995 4465 1042 4504 are
1060 4445 1216 4519 proposed;
1236 4445 1327 4500 ‘inest

175 4535 251 4591 enim
263 4538 341 4593 omni
352 4538 480 4610 corpori!
