3292 5138
639 416 721 472 ira.
744 418 788 474 rr.
806 408 858 487 48.
1260 421 1323 495 553

178 581 279 664 nugis,
304 581 519 646 certissimum
551 591 601 646 est
627 592 738 666 partes
767 582 921 666 singulas
945 591 1014 647 tam
1041 581 1200 647 similares
1224 602 1325 665 quam

177 687 356 770 organicas,
372 688 404 751 in
419 688 656 772 vegetabilibus
679 699 714 753 et
731 687 935 764 animalibus,
955 707 1070 752 succos
1093 685 1324 751 alimentorum

179 811 308 855 suorum
331 791 398 856 lere
421 812 620 870 communes,
638 802 695 856 aut
717 813 783 856 non
806 791 948 855 multum
971 792 1126 868 diversos,
1145 791 1252 873 primo
1275 801 1323 854 at·

179 895 305 958 trahere
326 915 401 959 cum
422 897 581 960 nonnullo
600 897 739 972 delectu,
757 897 876 961 deinde
895 895 1084 969 assimilare,
1100 905 1134 957 et
1149 905 1275 958 vertere
1293 895 1325 958 in

179 1007 328 1062 naturam
343 1020 446 1064 suam.
491 1001 611 1083 Neque
628 1000 823 1064 assimilatio
838 1001 910 1073 ista,
926 1008 985 1063 aut
997 998 1167 1079 generatio
1182 998 1327 1079 simplex,

179 1101 215 1164 tit
226 1103 334 1166 solum
350 1103 382 1166 in
394 1106 587 1188 corporibus
602 1105 766 1180 animatis,
775 1125 890 1168 verum
907 1114 940 1168 et
956 1103 1137 1166 inanimata
1152 1123 1196 1165 ex
1211 1102 1274 1166 hac
1292 1122 1326 1164 re

179 1207 395 1290 participant3
417 1208 519 1272 veluti
533 1211 576 1274 dc
591 1208 726 1273 flamma
741 1219 775 1274 et
791 1215 866 1272 aiire
883 1208 1009 1271 dictum
1026 1214 1085 1269 est.
1131 1205 1324 1288 Quinetiam

178 1310 310 1391 spiritus
329 1322 496 1376 emortuus
505 1312 542 1391 ²⁹,
556 1313 613 1396 qui
633 1314 665 1376 in
684 1313 774 1376 omni
796 1311 944 1394 tangibili
965 1311 1112 1374 animato
1131 1311 1325 1386 continetur,

180 1413 212 1476 id
239 1424 397 1497 perpetuo
423 1417 502 1499 agit,
527 1427 563 1480 ut
590 1428 701 1500 partes
731 1417 905 1480 crassiores
933 1415 1065 1498 digerat
1094 1425 1127 1480 et
1157 1424 1266 1478 vertat
1292 1415 1325 1476 in

179 1518 338 1600 spiritum,
360 1520 416 1601 qui
439 1521 558 1585 deinde
583 1532 702 1597 exeat3
732 1521 820 1585 uude
847 1519 885 1582 fit
911 1518 1088 1582 diminutio
1114 1520 1268 1600 ponderis
1292 1527 1325 1581 et

179 1622 366 1696 exsiccatio,
392 1634 428 1687 ut
453 1623 530 1689 alibi
555 1627 702 1690 diximus
712 1625 747 1691 ³⁰.
800 1625 919 1706 Neque
941 1623 1041 1686 etiam
1067 1622 1251 1705 respuenda
1275 1633 1326 1686 est

180 1725 212 1788 in
236 1727 472 1792 assimilatione
499 1731 642 1794 accretio
671 1728 735 1802 illa,
760 1748 860 1810 quam
884 1725 984 1810 vulgo
1011 1727 1054 1789 ab
1079 1725 1327 1790 alimentatione

180 1831 403 1914 distinguunt;
439 1833 541 1897 veluti
573 1854 648 1899 cum
682 1835 788 1896 lutum
799 1829 826 1870 ³¹
857 1833 940 1895 inter
972 1830 1101 1913 lapillos
1136 1831 1325 1906 concrescit,

180 1942 213 1996 et
238 1935 376 2000 vertitur
402 1936 435 1999 in
461 1938 632 2001 materiam
661 1937 848 2021 lapideam;
882 1955 1074 2017 squammae
1101 1934 1185 1998 circa
1212 1935 1328 1998 dentes

179 2048 351 2102 vertuntur
366 2040 398 2103 in
414 2042 632 2106 substantiam
654 2062 720 2105 non
739 2042 848 2104 minus
869 2041 985 2102 duram
1006 2058 1105 2120 quam
1122 2047 1197 2102 sunt
1213 2039 1329 2102 dentes

180 2140 250 2224 ipsi,
275 2153 337 2206 etc.
393 2143 516 2209 Sumus
550 2145 637 2208 enim
671 2145 703 2208 in
733 2167 772 2208 ea
807 2145 971 2228 opinione,
1001 2143 1106 2209 inesse
1136 2142 1329 2224 corporibus

180 2247 332 2312 omnibus
357 2248 555 2313 desiderium
585 2250 799 2328 assimilandi,
827 2269 892 2312 non
925 2248 1032 2312 minus
1062 2267 1162 2329 quam
1189 2247 1327 2311 coeundi

180 2349 223 2413 ad
246 2350 473 2435 homogenea3
498 2375 612 2417 verum
638 2354 760 2438 ligatur
784 2355 847 2418 ista
873 2352 985 2428 virtus,
1005 2351 1089 2415 sicut
1115 2361 1148 2414 et
1171 2350 1235 2424 illa,
1253 2350 1329 2414 licet

180 2474 246 2516 nou
269 2455 385 2520 iisdem
408 2459 524 2522 modis.
570 2457 638 2524 Sed
662 2459 780 2522 modos
805 2457 886 2530 illos,
911 2475 1039 2520 necnon
1063 2453 1262 2518 solutionem
1285 2454 1328 2517 ab

180 2557 306 2636 iisdem,
329 2562 418 2625 omni
441 2563 614 2646 diligentia
637 2564 798 2646 inquirere
822 2569 963 2647 oportet,
991 2559 1068 2642 quia
1096 2559 1261 2642 pertinent
1284 2559 1328 2622 ad

180 2665 359 2728 senectutis
388 2665 657 2732 refocillationem
667 2665 703 2732 ³².
759 2667 931 2731 Postremo
955 2665 1085 2728 videtur
1115 2672 1230 2726 notatu
1257 2661 1330 2745 dig·

180 2786 267 2842 num,
293 2770 383 2850 quod
417 2771 449 2834 in
482 2771 637 2836 novem³³
669 2773 731 2836 illis
764 2773 920 2845 motibus,
950 2770 993 2832 de
1021 2767 1141 2850 quibus
1171 2767 1327 2844 diximus,

179 2890 317 2953 corpora
331 2883 461 2939 tantum
483 2886 619 2942 naturae
640 2897 719 2940 suae
740 2875 1021 2941 conservationem
1041 2879 1197 2954 appetere
1211 2871 1326 2935 viden·

181 2983 253 3052 tur;
278 2977 310 3039 in
324 2977 387 3041 hoc
402 2979 531 3044 decimo
546 2993 658 3046 autem
674 2981 956 3064 propagationem.

218 3198 240 3231 ²⁹
258 3200 304 3254 On
316 3203 364 3257 the
376 3202 537 3259 distinction
550 3206 675 3259 between
689 3205 738 3260 tlte
756 3204 884 3275 ‘spiritus
896 3199 1055 3256 mortualis’
1067 3199 1125 3254 and
1137 3199 1186 3253 the
1201 3197 1330 3268 ‘spiritus

183 3282 292 3352 vitalis,'
311 3303 357 3340 see
377 3287 504 3342 Historia
521 3288 604 3342 Vitae
625 3298 653 3343 et
674 3288 784 3354 Mortis,
803 3289 836 3342 E.
857 3286 914 3340 and
933 3285 971 3352 S.‚
990 3285 1042 3338 vol.
1059 3283 1086 3338 ii.
1105 3300 1150 3353 pp.
1164 3294 1259 3349 214-7.
1298 3283 1330 3336 ln

184 3369 297 3422 Canons
309 3369 355 3434 vii,
367 3369 423 3438 viii,
437 3371 472 3426 he
486 3372 583 3426 makes
597 3372 644 3427 the
657 3389 735 3426 same
748 3370 873 3426 remarks
885 3387 917 3424 as
930 3367 958 3422 in
972 3368 1020 3422 the
1032 3376 1145 3438 present
1159 3383 1286 3438 passage.

217 3449 239 3480 ³⁰
257 3453 310 3508 See
322 3451 349 3506 ii.
362 3469 405 3520 ao

218 3531 238 3565 ³¹
258 3536 305 3590 lle
317 3553 415 3592 means
432 3539 494 3609 clay
506 3539 599 3594 mixed
612 3557 650 3609 up
662 3537 728 3594 with
747 3539 864 3608 pebbles
877 3554 908 3592 or
921 3536 1024 3606 gravel,
1037 3551 1069 3589 as
1082 3533 1111 3588 in
1125 3533 1331 3601 conglomerate

183 3629 279 3676 strata.
310 3621 371 3676 The
382 3621 540 3678 induration
550 3623 640 3678 would
649 3623 712 3677 taire
721 3623 799 3692 place
808 3623 866 3693 just
875 3638 907 3676 as
917 3619 1030 3688 readily,
1041 3618 1065 3672 if
1073 3618 1094 3672 it
1103 3633 1175 3672 were
1184 3614 1331 3680 detached‚

183 3702 317 3772 provided
330 3705 351 3760 it
364 3724 435 3760 were
448 3707 593 3777 subjected
604 3716 634 3761 to
647 3708 695 3761 the
707 3723 785 3760 same
799 3705 949 3760 influenoes
963 3705 992 3757 in
1005 3703 1086 3757 other
1098 3709 1231 3769 respects.

218 3783 240 3816 ³²
258 3788 301 3841 To
319 3789 407 3844 attaiu
426 3789 483 3844 this
502 3790 599 3846 endis
616 3791 664 3845 the
682 3788 816 3860 practical
835 3787 926 3858 object
940 3787 969 3840 ol
985 3786 1034 3840 the
1047 3783 1192 3838 ‘Historia
1205 3780 1287 3835 Vitae
1302 3789 1331 3834 et

185 3869 302 3925 Mortis'
340 3873 393 3928 See
405 3873 465 3928 also
479 3875 524 3929 De
536 3873 711 3944 Augmentis,
724 3873 771 3928 lib.
785 3873 820 3926 iv.
833 3889 895 3941 cap.
909 3885 934 3924 2.

218 3954 281 4008 The
300 3955 376 4009 word
402 3955 596 4024 ‘refocillatiq’
617 3957 708 4011 which
727 3955 751 4010 is
770 3965 818 4010 not
837 3964 867 4008 to
887 3954 923 4008 be
940 3949 1026 4005 found
1045 3948 1074 4002 in
1092 3945 1220 4001 classical
1239 3943 1331 4012 Latin,

184 4037 290 4107 though
309 4039 357 4094 the
375 4042 443 4095 verb
462 4041 585 4096 relocillo
598 4041 621 4095 is
634 4039 820 4108 occasionally
834 4037 920 4092 lound
937 4035 965 4089 in
981 4033 1203 4102 post-Augustan
1217 4027 1331 4093 writers,

184 4137 282 4176 occurs
301 4120 330 4175 in
348 4139 426 4179 some
447 4124 479 4178 oi
500 4125 548 4180 the
568 4125 616 4178 old
636 4124 750 4194 College
774 4137 881 4193 graces,
900 4137 940 4186 as,
959 4117 1002 4170 sor
1026 4115 1158 4180 instance,
1178 4111 1206 4166 in
1224 4112 1284 4166 that
1304 4111 1337 4165 of

185 4203 300 4259 Lincolu
320 4207 442 4276 College,
456 4208 581 4263 Oxsord:
601 4206 737 4277 ‘Agimus
756 4204 821 4260 Tibi
839 4201 944 4273 gratias
962 4217 1013 4272 pro
1031 4198 1049 4234 *
1066 4197 1085 4233 *
1101 4197 1120 4233 *
1138 4193 1333 4267 praesentique

184 4287 399 4345 refocillatione!

219 4367 241 4400 ²³
261 4371 344 4440 Nino,
357 4376 418 4430 that
437 4375 460 4429 is
479 4383 509 4429 to
528 4392 586 4444 say,
599 4372 747 4442 excluding
763 4372 812 4427 the
830 4371 889 4424 first
909 4367 1043 4424 socalled
1061 4363 1186 4431 ‘motus‚’
1199 4361 1290 4416 which
1309 4360 1333 4415 is

185 4471 316 4512 common
334 4468 363 4512 to
381 4459 418 4512 all
437 4468 546 4528 matter,
561 4458 618 4513 and
636 4458 667 4513 of
680 4455 771 4512 which
788 4471 826 4510 no
841 4455 982 4524 examples
1002 4468 1049 4506 are
1067 4446 1222 4520 proposed;
1242 4445 1333 4500 ‘inest

183 4535 258 4593 enirn
271 4540 347 4595 omni
360 4541 487 4612 corpori.’
