3250 5138
364 425 430 494 574
739 421 895 478 vovum
915 420 1133 478 ornanum.

364 585 481 651 lortius
510 584 680 650 attrahant
705 596 870 664 ventosae,
901 597 1027 670 ponant
1057 588 1214 671 spongias
1243 587 1398 671 frigidas¹
1427 610 1512 672 aqua

365 689 568 754 madefactas
597 709 697 772 super
719 701 874 754 ventosas
884 687 906 753 ².
953 690 1072 774 Itaque
1101 713 1167 756 non
1198 703 1248 758 est
1279 713 1337 757 cur
1365 692 1511 756 homines

364 793 505 859 multum
539 793 599 857 sibi
633 803 781 858 metuant
814 795 857 859 de
889 793 976 859 sacili
1007 796 1099 859 exitu
1130 797 1214 860 ae'ris
1242 807 1301 861 aut
1330 799 1512 880 spirituum.

364 897 460 963 Licet
475 899 563 961 enirn
584 918 700 962 verum
723 899 766 962 sit
789 899 889 963 etiam
913 898 1112 964 solidissima
1133 921 1272 985 corpora
1294 902 1415 966 habere
1436 921 1511 967 suos

363 1023 472 1086 poros,
495 1011 608 1066 tamen
631 1023 728 1085 aegre
752 1003 876 1084 patitur
900 1009 959 1067 ae'r
982 1013 1040 1067 aut
1066 1003 1199 1087 spiritus
1221 1005 1510 1070 comminutionem

363 1107 413 1170 sui
443 1107 485 1171 ad
512 1116 640 1170 tantam
666 1107 903 1186 subtilitatem3
941 1109 1221 1190 quemadmodum
1248 1118 1282 1173 et
1311 1130 1397 1192 aqua
1423 1109 1511 1174 exire

363 1221 491 1276 recusat
507 1231 566 1294 per
581 1211 698 1274 rimam
715 1210 943 1276 minusculam.

406 1311 456 1400 (a)
479 1315 532 1378 De
566 1315 711 1380 secundo
743 1335 822 1380 vero
856 1317 958 1381 modo
987 1338 1033 1380 ex
1063 1327 1191 1400 septem
1222 1317 1399 1402 praedictis
1429 1317 1509 1381 illud

363 1419 524 1502 imprimis
547 1420 729 1483 notandum
748 1428 807 1493 est,
822 1418 932 1483 valere
950 1430 1038 1484 certe
1060 1423 1321 1505 compressiones
1343 1431 1377 1486 et
1399 1420 1509 1503 hujus-

363 1523 453 1586 modi
485 1521 658 1586 violentias
690 1523 734 1586 ad
768 1533 896 1586 motum
928 1521 1077 1598 localem,
1107 1535 1210 1607 atque
1241 1525 1307 1588 alia
1336 1525 1369 1588 id
1398 1546 1511 1608 genus,

361 1627 610 1707 potentissime3
645 1637 681 1690 ut
712 1627 744 1689 in
776 1626 935 1690 machinis
965 1635 999 1690 et
1026 1629 1221 1693 missilibus:
1256 1629 1357 1694 etiam
1384 1631 1426 1693 ad
1452 1629 1509 1692 de·

361 1731 576 1796 structionem
607 1731 753 1812 corporis
784 1731 938 1812 organici,
964 1741 1065 1813 atque
1095 1753 1207 1796 earum
1237 1732 1395 1796 virtutum
1425 1752 1510 1814 quae

361 1835 544 1898 consistunt
573 1833 671 1917 plane
702 1835 733 1896 in
765 1844 867 1897 motu.
913 1833 1030 1898 Omnis
1059 1835 1146 1899 enim
1176 1837 1253 1914 vita,
1281 1836 1384 1900 immo
1410 1837 1508 1900 etiam

360 1939 467 2002 omnis
493 1937 627 2001 flamma
652 1947 687 2001 et
711 1938 849 2020 ignitio⁸
874 1939 1055 2002 destruitur
1078 1959 1138 2022 per
1162 1941 1442 2023 compressionem
1473 1948 1510 2002 ut

360 2053 393 2106 et
420 2042 527 2106 omnis
557 2041 709 2106 machina
738 2042 958 2125 corrumpitur
983 2050 1017 2105 et
1044 2042 1254 2108 confunditur
1279 2065 1338 2126 per
1365 2045 1507 2107 easdem.

360 2146 474 2210 Etiam
489 2147 532 2210 ad
548 2145 804 2209 destructionem
817 2146 974 2210 virtutum
991 2167 1077 2229 quae
1093 2148 1278 2212 consistunt
1295 2149 1327 2210 in
1344 2148 1509 2231 posituris,

359 2261 394 2315 et
423 2249 680 2315 dissimilaritate
709 2250 853 2332 partium
880 2249 980 2333 paulo
1006 2251 1184 2322 crassiore:
1221 2259 1257 2315 ut
1284 2253 1317 2314 in
1343 2251 1508 2316 coloribus

358 2351 581 2440 (nequeenim
598 2354 687 2417 idem
703 2353 793 2418 color
807 2353 896 2417 floris
917 2355 1034 2437 integri
1055 2365 1088 2418 et
1109 2356 1248 2432 contusi,
1262 2375 1369 2438 neque
1387 2356 1508 2419 succini

359 2459 477 2541 integri
497 2467 531 2522 et
551 2453 778 2541 pulverizati);
802 2457 900 2521 etiam
922 2457 954 2520 in
975 2458 1149 2541 saporibus
1166 2455 1286 2544 (neque
1308 2459 1395 2523 enim
1420 2460 1507 2523 idem

358 2582 457 2646 sapor
476 2562 549 2645 pyri
573 2562 750 2636 immaturi,
767 2570 800 2625 et
825 2561 972 2643 ejusdem
996 2563 1174 2646 compressi
1198 2583 1236 2626 ac
1259 2563 1407 2639 subacti3
1430 2584 1508 2627 nam

358 2665 533 2730 manifesto
548 2663 757 2729 dulcedinem
774 2665 933 2747 majorem
950 2663 1117 2750 concipit).
1147 2666 1271 2730 Verum
1292 2669 1335 2730 ad
1351 2667 1508 2732 transfor-

357 2770 518 2833 mationes
540 2779 573 2832 et
596 2769 807 2832 alterationes
830 2768 1013 2832 nobiliores
1027 2788 1199 2853 corporum
1222 2769 1416 2834 similariunr
1439 2792 1507 2835 non

357 2873 496 2937 multum
508 2873 618 2936 valent
630 2873 713 2938 istae
724 2872 917 2950 violentiae3
941 2873 1019 2955 quia
1031 2893 1168 2957 corpora
1180 2894 1238 2957 per
1249 2893 1304 2938 eas
1317 2894 1384 2937 non
1395 2875 1508 2956 acqui-

355 2989 431 3042 runt
447 2976 693 3041 consistentiam
709 2976 855 3059 aliquam
873 2995 993 3040 novam
1009 2987 1215 3041 constantem
1228 2985 1262 3041 et
1273 2978 1507 3060 quiescentem,

389 3197 399 3229 ¹
421 3200 475 3252 Mr.
495 3199 565 3253 Ellis
584 3215 720 3268 proposes
739 3207 769 3250 to
787 3197 854 3251 read
873 3195 983 3265 frigida,
1001 3196 1092 3252 which
1111 3197 1135 3252 is
1153 3197 1347 3267 undoubtedly
1365 3199 1412 3253 the
1432 3199 1508 3268 right

353 3282 438 3336 word.
476 3283 531 3337 See
544 3283 591 3336 the
605 3280 826 3351 corresponding
838 3297 959 3349 passage
972 3280 1000 3334 in
1013 3281 1061 3335 the
1075 3280 1202 3336 Historia
1215 3280 1304 3336 Densi
1316 3291 1345 3336 et
1357 3282 1434 3336 Rari.

388 3363 400 3396 ¹
418 3366 512 3421 These
524 3365 710 3434 experiments
724 3381 772 3418 are
784 3365 843 3418 also
856 3363 1004 3417 described
1018 3364 1046 3418 in
1062 3365 1111 3418 the
1130 3363 1258 3419 Historia
1275 3364 1364 3419 Densi
1381 3376 1408 3420 et
1428 3367 1506 3434 Rari,

354 3451 388 3504 E.
401 3451 458 3503 and
472 3451 511 3516 5.,
523 3448 577 3502 vol.
592 3447 617 3502 ii.
632 3465 658 3517 p.
672 3448 740 3513 267;
766 3447 794 3500 in
808 3448 855 3501 the
874 3445 1065 3516 Cogitationes
1084 3448 1129 3503 De
1147 3449 1256 3503 Natura
1273 3449 1387 3516 Rerum,
1400 3451 1454 3504 vol.
1468 3449 1505 3504 iii.

355 3550 402 3603 pp.
421 3543 507 3602 24-53
526 3532 585 3586 and
604 3531 632 3584 in
653 3532 700 3584 the
721 3530 919 3584 Phaenomena
939 3530 1079 3598 Universi,
1096 3532 1149 3586 vol
1167 3530 1206 3585 iii.
1221 3549 1249 3601 p.
1267 3543 1328 3597 711.
1365 3533 1506 3587 Notwith-

353 3615 485 3683 standing
498 3616 571 3669 what
587 3615 637 3667 Dr.
653 3613 769 3668 Kitchin
783 3631 856 3682 says,
872 3615 883 3668 l
898 3624 1001 3668 cannot
1014 3631 1061 3668 see
1074 3615 1134 3669 that
1149 3616 1267 3670 Bacon's
1279 3615 1459 3686 explanation
1478 3616 1506 3670 in

351 3699 399 3753 the
412 3709 478 3764 text,
492 3699 577 3753 sofar
588 3716 620 3752 as
633 3697 652 3752 it
665 3715 743 3767 goes,
756 3697 780 3751 is
793 3714 905 3766 wrong;
924 3697 1031 3768 though
1043 3698 1080 3751 he
1094 3697 1229 3768 certainly
1238 3715 1295 3752 was
1308 3708 1356 3752 not
1369 3717 1463 3754 aware
1478 3701 1510 3755 os

352 3783 399 3837 the
409 3799 539 3853 pressure
552 3782 583 3836 ol
592 3784 641 3836 the
654 3781 841 3851 atmosphere‚
852 3781 909 3834 and
922 3780 951 3834 in
964 3781 1012 3834 the
1026 3780 1151 3835 Historia
1165 3782 1254 3836 Densi
1266 3792 1294 3836 et
1308 3782 1375 3836 Rari
1386 3783 1422 3837 he
1433 3784 1506 3838 him·

351 3866 406 3920 seli
420 3867 505 3922 refers
515 3855 572 3921 'the
590 3865 677 3934 rising
695 3865 725 3919 oi
740 3865 789 3919 the
807 3863 877 3918 ilesh
893 3864 987 3918 within
1006 3866 1053 3919 the
1072 3864 1284 3934 cupping·glass
1304 3875 1333 3920 to
1353 3867 1506 3922 attraction

351 3951 418 4020 ‘per
431 3960 537 4005 motum
551 3949 655 4004 nexus!
705 3948 775 4016 Still,
789 3948 825 4002 he
839 3948 862 4002 is
875 3947 947 4017 right
961 3947 990 4002 in
1003 3948 1189 4018 maintaining
1202 3951 1261 4004 that
1275 3949 1323 4004 the
1336 3949 1507 4020 ‘quantum’

351 4034 383 4088 os
397 4035 446 4088 the
462 4034 579 4089 rarelied
596 4033 638 4086 air
650 4031 747 4087 within
764 4031 812 4086 the
829 4048 882 4101 cup
899 4031 921 4086 is
938 4041 986 4085 not
1004 4030 1184 4100 diminished,
1201 4032 1252 4086 but
1269 4033 1335 4102 only
1354 4033 1401 4087 the
1418 4051 1506 4104 space

351 4117 442 4171 which
455 4117 476 4171 it
489 4116 648 4187 previously
658 4115 732 4170 filled
745 4115 906 4168 contracted
919 4115 957 4183 by
966 4115 1086 4184 conling.
1122 4117 1185 4170 ΤΙιε
1195 4125 1280 4170 water
1289 4133 1321 4170 or
1330 4115 1400 4170 flesh
1409 4117 1506 4171 which

351 4200 374 4255 is
388 4202 507 4255 covered
520 4201 557 4270 by
570 4201 618 4254 the
630 4199 721 4253 vessel
734 4198 813 4264 rises,
827 4215 858 4252 as
873 4199 921 4252 the
937 4197 1039 4254 heated
1056 4197 1099 4252 air
1114 4200 1191 4254 cools
1207 4199 1265 4254 and
1282 4210 1433 4266 contracts,
1446 4201 1506 4256 this

351 4283 438 4352 rising
450 4283 543 4352 being,
556 4299 588 4337 as
601 4299 641 4336 we
654 4299 716 4335 now
728 4281 818 4347 know,
832 4279 886 4335 due
899 4291 928 4335 to
945 4281 993 4336 the
1009 4298 1139 4351 pressure
1156 4283 1188 4338 ol
1201 4283 1249 4338 the
1266 4283 1447 4354 atmosphere
1466 4301 1506 4338 ou

350 4366 398 4421 the
410 4376 486 4437 parts
499 4366 530 4420 ol
539 4367 586 4420 the
600 4365 708 4420 suriace
720 4366 843 4419 external
856 4374 885 4419 to
897 4366 945 4419 the
957 4365 1056 4420 vessel.

385 4447 397 4478 ³
416 4447 613 4519 Compression
626 4459 694 4514 acts,
705 4448 733 4502 in
742 4447 798 4503 this
809 4466 882 4517 case,
892 4449 930 4517 by
940 4448 1072 4520 stoppiug
1081 4449 1129 4504 the
1139 4450 1240 4522 supply
1249 4450 1282 4506 ol
1289 4466 1398 4522 oxygen
1408 4448 1505 4505 which

350 4529 502 4586 maintains
514 4532 562 4588 the
575 4531 757 4588 combustion.
