3250 5138
650 397 731 454 LIB.
755 399 798 457 ΙΙ.
821 392 874 472 48.
1265 405 1330 480 535

179 571 236 626 aut
265 572 399 627 tensura
428 561 722 645 praeter-naturali,
748 571 781 627 et
810 563 982 628 restituere
1012 583 1048 628 se
1081 562 1114 628 in
1142 563 1329 630 dimensum

178 666 308 749 corpori
330 687 391 730 suo
412 666 618 732 conveniens.
671 665 774 748 Cujus
800 677 911 731 motus
935 668 1035 732 etiam
1061 667 1231 734 innumera
1253 657 1331 734 sunt

179 769 354 852 exempla:
378 770 480 834 veluti
497 767 673 854 (quatenus
691 773 735 835 ad
756 770 986 836 liberationem
1004 793 1025 836 a
1043 771 1208 859 pressura)
1226 794 1331 856 aquae

180 873 213 936 in
236 873 393 949 natando,
414 874 498 937 aeris
525 875 557 938 in
579 874 743 950 volaud03
769 893 875 957 aquae
901 875 934 938 in
962 877 1166 960 remigando,
1189 879 1275 942 aeris
1298 878 1330 941 in

180 977 451 1043 undulationibus
474 988 669 1056 ventorum3
704 978 848 1044 laminae
879 979 912 1042 in
946 979 1137 1063 horologiis,
1182 979 1255 1046 Nec
1282 981 1331 1044 in·

180 1081 348 1164 eleganter
376 1103 412 1146 se
442 1083 589 1147 ostendit
619 1091 730 1146 motus
767 1083 851 1147 aeris
886 1085 1065 1167 compressi
1097 1083 1130 1146 in
1161 1083 1333 1168 sclopettis

180 1186 315 1251 ludicris
334 1205 520 1269 puerorum,
539 1206 615 1252 curn
636 1185 748 1250 alnum
772 1197 831 1252 aut
850 1185 957 1250 simile
977 1188 1135 1270 quiddam
1159 1199 1332 1264 excavant,

181 1300 217 1355 et
238 1290 410 1354 inferciunt
434 1289 538 1356 frusto
559 1289 697 1371 alicujus
719 1290 837 1356 radicis
859 1289 1077 1368 succulentae,
1093 1292 1145 1356 vel
1166 1292 1332 1372 similium,

181 1395 225 1459 ad
252 1405 408 1477 utrosque
434 1393 535 1473 fines3
569 1394 690 1459 deinde
713 1415 773 1477 per
795 1394 966 1460 embolum
976 1391 1004 1432 ⁶²
1027 1396 1165 1460 trudunt
1186 1397 1331 1461 radicem

181 1497 235 1562 vel
256 1497 445 1579 hujusmodi
469 1497 698 1564 farcimentum
720 1499 752 1562 in
775 1499 923 1563 foramen
940 1498 1102 1576 alterum3
1126 1501 1215 1564 unde
1237 1501 1333 1564 ornit-

180 1603 262 1667 titur
279 1611 314 1666 et
336 1601 461 1683 ejicitur
481 1603 577 1667 radix
599 1623 675 1668 cum
698 1603 808 1666 sonitu
829 1603 872 1666 ad
895 1601 1042 1667 foramen
1065 1603 1215 1680 alterurn,
1234 1602 1333 1688 idque

182 1715 360 1788 antequam
398 1714 554 1790 tangatur
586 1727 607 1770 a
644 1708 752 1771 radice
794 1716 851 1770 aut
895 1704 1089 1771 farcimento
1125 1707 1246 1785 citimo,
1275 1718 1332 1772 aut

183 1810 316 1874 embolo
327 1809 362 1872 ⁸³.
404 1809 577 1893 Quatenus
592 1831 671 1874 vero
689 1811 733 1875 ad
751 1809 979 1873 liberationem
995 1819 1173 1889 atensura,
1189 1812 1334 1875 ostendit

183 1935 219 1978 se
240 1913 293 1978 hic
316 1923 426 1979 motus
448 1915 481 1977 in
503 1920 581 1978 abre
603 1923 680 1997 post
701 1914 913 1978 exuctionem
941 1913 974 1976 in
1000 1915 1072 1978 ovis
1092 1915 1204 1979 vitreis
1228 1935 1335 1979 rema·

183 2027 282 2082 nente
292 2015 330 2096 ⁶⁴,
359 2019 392 2082 in
425 2016 565 2096 chordis,
599 2017 632 2082 in
667 2018 765 2094 corio,
795 2027 829 2082 et
859 2037 979 2101 panno,
1009 2017 1230 2083 resilientibus
1259 2029 1335 2103 post

184 2133 333 2186 tensuras
355 2142 440 2198 suas,
462 2122 524 2186 nisi
546 2131 700 2187 tensurae
722 2121 796 2185 illae
819 2142 879 2205 per
901 2142 1027 2185 moram
1052 2122 1254 2198 invaluerint,
1272 2132 1334 2187 etc.

183 2226 299 2309 Atque
315 2226 403 2289 hunc
419 2234 547 2290 motum
564 2225 688 2290 Schola
701 2227 764 2290 sub
779 2225 912 2290 nomine
928 2225 1041 2290 Motus
1057 2247 1101 2290 ex
1116 2227 1240 2290 Forma
1254 2227 1332 2290 Ele·

185 2332 288 2395 menti
294 2330 320 2368 ⁶⁵
333 2331 456 2394 innuit:
474 2330 554 2395 satis
566 2330 699 2412 quidem
713 2331 837 2408 inscite,
848 2349 923 2394 curn
935 2329 989 2394 hic
1005 2340 1114 2394 motus
1126 2350 1192 2394 non
1205 2340 1335 2396 tantum

184 2435 228 2500 ad
243 2441 362 2512 aerem,
373 2453 504 2515 aquam,
515 2443 573 2498 aut
585 2432 753 2498 flammam
769 2435 941 2517 pertineat,
952 2435 1011 2497 sed
1027 2435 1070 2498 ad
1082 2453 1216 2498 omnem
1228 2435 1336 2499 diver-

184 2540 317 2604 sitatem
330 2539 575 2616 consistentiae3
596 2548 633 2602 ut
646 2538 733 2620 ligni,
744 2537 829 2614 ferri,
841 2537 979 2621 plumbi,
990 2538 1100 2620 panni,
1114 2538 1335 2613 membranae,

185 2653 257 2720 etc,
274 2644 307 2707 in
322 2642 441 2726 quibus
455 2640 583 2726 singula
601 2662 740 2725 corpora
758 2662 836 2706 suae
852 2641 975 2706 habent
990 2641 1202 2706 dimensionis
1218 2645 1337 2708 modu·

185 2747 264 2822 lum,
279 2757 314 2811 et
332 2748 376 2810 ab
398 2767 438 2811 eo
460 2767 558 2829 aegre
577 2747 620 2811 ad
639 2747 781 2829 spatium
802 2744 937 2829 aliquod
954 2746 1101 2811 notabile
1120 2746 1336 2830 abripiuntur.

184 2853 309 2916 Verum
325 2851 403 2933 quia
418 2860 528 2914 motus
546 2851 608 2914 iste
626 2850 787 2916 libertatis
807 2851 955 2914 omniurn
977 2861 1027 2914 est
1049 2850 1196 2915 maxime
1210 2851 1337 2928 obvius,

185 2967 219 3021 et
235 2958 278 3021 ad
294 2954 421 3020 infinita
435 2964 598 3039 spectans,
611 2955 798 3019 consultum
814 2955 912 3018 fuerit
924 2974 1000 3018 eum
1016 2953 1101 3018 bene
1116 2964 1150 3019 et
1164 2956 1337 3039 perspicue

186 3061 395 3142 distinguere.
439 3057 585 3141 Quidam
601 3059 688 3123 enim
700 3058 797 3122 valde
813 3057 1016 3141 negligenter
1029 3058 1235 3124 confundunt
1249 3058 1337 3123 hunc

187 3176 317 3230 motum
343 3183 419 3226 curn
443 3161 576 3246 gemino
601 3161 658 3226 illo
684 3171 776 3226 motu
800 3163 978 3243 antitypiae
1001 3171 1035 3226 et
1065 3182 1166 3226 nexus
1174 3183 1189 3236 ,·
1219 3162 1338 3228 libera·

186 3270 310 3334 tionem
337 3266 506 3332 sciliceta
531 3286 690 3350 pressura,
715 3285 789 3330 cum
814 3275 906 3330 motu
929 3266 1125 3355 antitypiae:
1153 3286 1172 3330 a
1197 3275 1338 3345 tensura,

186 3393 262 3438 cum
279 3379 371 3435 motu
386 3390 510 3444 nexus:
530 3371 611 3435 acsi
628 3370 703 3434 ideo
719 3370 872 3434 cederent
887 3378 944 3433 aut
960 3389 996 3432 se
1011 3369 1185 3433 dilatarent
1201 3390 1339 3454 corpora

186 3561 261 3615 force
279 3557 371 3613 which
389 3557 496 3612 altered
522 3558 583 3612 that
610 3558 682 3612 form
710 3573 743 3612 or
760 3558 870 3611 volume
896 3573 992 3612 ceases
1020 3567 1050 3611 to
1077 3567 1131 3612 act.
1170 3559 1196 3612 lt
1220 3575 1286 3628 may
1303 3560 1340 3614 be

186 3642 343 3712 developed
365 3641 393 3695 in
413 3640 511 3696 bodies
533 3641 571 3711 by
583 3656 720 3710 pressure,
733 3641 771 3710 by
789 3639 907 3694 traction
927 3656 960 3694 or
981 3640 1088 3710 pulling
1107 3637 1288 3710 (‘tensura')‚
1302 3642 1340 3712 by

186 3726 286 3783 flexion
299 3743 332 3780 or
342 3724 475 3794 bending,
487 3723 545 3779 and
557 3724 595 3794 by
607 3724 711 3779 torsion
724 3739 756 3777 or
767 3723 899 3791 twisting.

222 3808 246 3841 ⁸²
263 3809 385 3878 ἔμβολος,
397 3809 464 3863 here
475 3807 544 3862 used
557 3807 600 3861 for
611 3823 629 3862 a
640 3805 763 3862 ramrod.

222 3889 246 3923 ⁸⁸
263 3891 334 3948 This
345 3893 474 3962 example
486 3891 548 3946 also
561 3889 709 3946 illustrares
726 3890 774 3944 the
793 3898 908 3944 amount
927 3887 959 3942 of
974 3904 1103 3959 pressure
1116 3889 1207 3945 which
1224 3907 1291 3959 may
1302 3891 1339 3946 be

188 3975 330 4048 produced
349 3974 387 4045 by
407 3975 456 4030 the
477 3973 669 4043 compression
689 3972 719 4027 of
740 3971 791 4028 air.
837 3972 1021 4042 Champagne
1040 3971 1151 4040 bottles,
1173 3972 1341 4028 suda-water

188 4061 299 4126 bottles,
312 4059 372 4125 δια,
383 4074 432 4112 are
444 4056 564 4112 familiar
577 4054 757 4112 illustrations
770 4054 802 4110 of
811 4055 858 4109 the
872 4071 949 4110 same
961 4054 1027 4109 fact

223 4141 246 4173 ‘⁴
266 4145 313 4198 lle
324 4141 432 4196 alludes
443 4141 510 4196 here
523 4150 552 4194 to
563 4140 611 4194 the
624 4137 839 4207 unsatisfactory
848 4137 1020 4208 experiment
1033 4137 1118 4193 made
1128 4136 1193 4193 with
1204 4137 1252 4194 the
1265 4138 1341 4208 glass

187 4244 266 4298 eggs,
276 4224 438 4281 mentioned
450 4223 479 4279 in
488 4224 563 4295 Apb.
573 4235 615 4294 45.
652 4225 693 4277 As
705 4222 717 4275 1
728 4223 800 4277 have
814 4221 875 4276 said
888 4221 990 4288 before,
1000 4221 1037 4276 he
1047 4239 1103 4276 was
1115 4231 1267 4277 notavere
1278 4221 1339 4276 that

188 4303 1342 4464 ‘¹'ffltlt‘z‘tlttlffihlaifs?fifthtillldzls‘t

189 4493 321 4548 preserve
333 4492 366 4530 or
377 4490 491 4532 recover
502 4475 552 4530 the
565 4473 742 4542 consistency
755 4471 845 4527 which
860 4471 883 4526 is
896 4488 998 4542 proper
1010 4481 1039 4526 to
1052 4470 1082 4528 it.
