3292 5138
343 429 408 512 582
722 435 879 494 Novus!
896 432 1117 491 onGAlvUrr.

345 601 422 666 mini
449 601 581 667 abunde
604 600 717 676 adest3
743 597 932 664 observatio
951 608 1063 662 autern
1085 607 1118 662 et
1138 597 1306 680 inquisitio
1329 595 1440 662 deficit
1460 596 1494 658 in

344 705 519 780 nonnullis,
538 705 641 788 iisque
664 703 812 768 maxime
834 703 1033 779 necessariis,
1051 714 1217 784 utcunque
1237 698 1439 786 spagyrici²⁴
1458 721 1494 763 se

342 809 524 874 venditent.
571 807 707 872 Etenim
727 805 844 873 mloris
865 806 1049 872 intensioris
1071 806 1202 890 opificia
1223 807 1441 889 exquiruntur
1459 813 1494 867 et

343 912 608 996 conspiciuntur3
633 910 826 976 remissioris
840 930 927 988 vero,
943 931 1030 994 quae
1050 912 1196 976 maxime
1213 912 1246 974 in
1266 912 1336 974 vias
1356 919 1494 973 naturae

342 1017 500 1095 incidunt,
518 1035 585 1080 non
606 1023 785 1091 tentantur,
805 1015 946 1096 ideoque
968 1014 1080 1080 latent.
1127 1015 1246 1096 Itaque
1263 1015 1414 1077 videmus
1433 1033 1494 1094 per

342 1112 536 1180 vulcanos¹⁵
551 1115 634 1180 istos
647 1115 705 1198 qui
726 1115 759 1177 in
779 1115 886 1199 pretio
904 1123 989 1188 sunt,
1004 1115 1137 1198 spiritus
1158 1135 1330 1197 corporum
1353 1133 1491 1196 magno·

343 1238 422 1303 pere
451 1218 602 1294 exaltari,
631 1227 668 1282 ut
698 1217 730 1281 in
760 1218 857 1301 aquis
887 1217 1034 1295 sortibus,
1060 1228 1094 1282 et
1119 1217 1284 1283 nonnullis
1309 1219 1381 1282 aliis
1412 1215 1494 1280 oleis

343 1323 523 1406 chymicis;
554 1332 665 1407 partes
685 1322 865 1406 tangibiles
889 1322 1042 1400 indurari,
1065 1332 1108 1396 et,
1132 1324 1253 1387 emisso
1276 1320 1411 1396 volatili,
1432 1321 1493 1384 ali-

342 1427 477 1511 quando
510 1425 586 1510 figi3
624 1436 735 1511 partes
768 1427 992 1510 homogeneas
1024 1427 1186 1510 separari3
1225 1426 1324 1490 etiam
1355 1444 1493 1506 corpora

342 1531 561 1614 heterogenea
577 1551 693 1615 grosso
714 1532 815 1594 modo
836 1529 1035 1613 incorporari
1050 1541 1085 1596 et
1099 1530 1322 1604 commisceri3
1346 1528 1493 1591 maxime

342 1643 455 1698 autem
473 1655 652 1718 compages
674 1653 850 1717 corporum
870 1635 1128 1717 compositorum
1144 1643 1178 1698 et
1194 1633 1381 1698 subtiliores
1399 1632 1492 1696 sche-

342 1739 512 1802 matismos
543 1737 668 1802 destrui
701 1747 735 1801 et
766 1738 931 1802 conlundi.
989 1738 1182 1802 Debuerant
1214 1747 1327 1801 autem
1361 1735 1493 1819 opificia

340 1842 458 1906 caloris
482 1841 615 1906 lenioris
637 1841 755 1905 tentari
779 1851 813 1905 et
835 1841 982 1924 exquiri:
1013 1844 1102 1906 unde
1127 1840 1314 1905 subtiliores
1337 1841 1492 1904 misturae

342 1956 376 2010 et
391 1945 614 2010 schematismi
635 1945 780 2009 ordinati
800 1945 891 2028 gigni
912 1945 1038 2028 possint
1059 1955 1094 2008 et
1114 1947 1220 2020 educi,
1235 1946 1277 2008 ad
1298 1944 1490 2028 exemplum

342 2058 478 2112 naturae
493 2059 527 2114 et
540 2048 761 2113 imitationem
777 2069 915 2132 operum
928 2049 1025 2126 solis3
1045 2049 1326 2132 quemadmodum
1339 2049 1371 2111 in
1386 2047 1491 2131 apho-

342 2152 443 2217 rismo
464 2155 507 2217 de
529 2153 694 2217 instantiis
708 2149 889 2234 foederum
904 2153 1069 2236 quaedam
1085 2153 1362 2217 adumbravimus.
1408 2151 1490 2234 Opi-

341 2254 414 2320 ficia
436 2257 523 2320 enirn
546 2265 682 2320 naturae
703 2255 928 2338 transiguntur
950 2277 1009 2340 per
1025 2255 1125 2340 longe
1148 2257 1291 2320 minores
1313 2255 1491 2338 portiones,

340 2369 373 2422 et
396 2359 560 2441 posituras
586 2359 692 2442 magis
718 2359 902 2441 exquisitas
927 2369 961 2422 et
984 2361 1098 2438 varias,
1120 2380 1220 2442 quam
1243 2358 1374 2443 opificia
1396 2359 1491 2441 ignis,

341 2472 440 2546 prout
473 2482 560 2526 nunc
594 2462 780 2528 adhibetur.
834 2461 922 2526 Tum
952 2483 1030 2528 vero
1058 2462 1209 2526 videatur
1241 2461 1344 2526 homo
1378 2483 1491 2526 revera

340 2576 456 2630 auctus
471 2575 639 2648 potestate
647 2564 685 2642 ¹⁷,
700 2567 727 2630 si
743 2586 802 2648 per
816 2567 942 2631 calores
960 2576 994 2630 et
1011 2567 1177 2650 potentias
1191 2566 1375 2632 artificiales
1390 2586 1491 2650 opera

341 2681 478 2734 naturae
509 2671 638 2752 possint
670 2670 779 2752 specie
812 2672 1058 2752 repraesentari,
1087 2671 1209 2734 virtute
1242 2669 1364 2754 perfici,
1393 2671 1491 2753 copia

339 2773 478 2848 variari3
496 2773 614 2856 quibus
630 2773 752 2837 addere
767 2785 897 2857 oportet
912 2774 1181 2840 accelerationem
1193 2775 1363 2858 temporis.
1399 2775 1489 2838 Nam

340 2877 459 2958 rubigo
488 2877 561 2941 ferri
592 2875 693 2960 longo
721 2887 872 2960 tempore
904 2880 1063 2962 procedit,
1094 2888 1129 2943 at
1157 2880 1264 2942 versio
1294 2879 1327 2941 in
1356 2899 1488 2943 crocum

341 2979 460 3045 Martis
470 2979 495 3016 ²⁸
511 2981 639 3057 subit03
662 2991 696 3044 et
711 2982 862 3046 similiter
876 2984 920 3048 de
936 2983 1090 3068 aerugine
1108 2993 1141 3047 et
1158 3003 1290 3049 cerussa
1300 2981 1335 3045 ²⁹.
1379 2981 1489 3047 Chris-

375 3249 397 3281 ²⁴
415 3251 485 3305 This
499 3253 576 3307 word
595 3254 664 3308 does
682 3264 732 3308 not
749 3271 833 3309 occur
852 3255 880 3310 in
901 3257 948 3311 Du
968 3257 1073 3326 cange,
1091 3257 1140 3312 but
1160 3256 1188 3311 in
1208 3255 1358 3326 calepinus
1379 3258 1391 3310 l
1411 3257 1487 3313 find:

340 3336 496 3405 ‘spagime
504 3336 737 3407 alcbymista,qui,
746 3340 994 3409 metallacoquens,
1003 3357 1102 3410 purum
1109 3340 1147 3394 ab
1155 3339 1264 3411 impuro
1271 3351 1390 3411 separat
1404 3342 1490 3397 Unde

338 3419 507 3488 spagin'craes,
517 3418 554 3473 ad
564 3420 707 3490 spagirum
716 3421 876 3491 pertinens!
897 3424 993 3478 These
1002 3423 1059 3478 and
1069 3423 1118 3478 the
1127 3424 1210 3479 allied
1219 3424 1405 3480 wordsareoi
1412 3442 1487 3480 com-

340 3517 406 3555 mon
419 3516 585 3557 occurrence
598 3502 627 3557 in
641 3505 812 3561 Parecelsus.
850 3507 884 3560 ln
897 3507 946 3561 the
963 3509 1009 3561 De
1027 3509 1135 3562 Natura
1151 3509 1264 3575 Rerum,
1281 3507 1328 3562 lib.
1346 3508 1402 3562 viii.
1421 3509 1487 3578 (Op.

340 3584 425 3638 Omn.
445 3586 549 3640 Genev.
573 3586 648 3655 1658,
671 3589 724 3642 vol.
744 3587 771 3642 ii.
790 3607 816 3659 p.
839 3589 909 3658 104),
929 3591 965 3645 he
982 3590 1154 3660 elaborately
1172 3591 1279 3661 praises
1297 3593 1345 3646 the
1365 3592 1487 3648 ‘Medici

339 3666 501 3736 Spagyrici’
515 3667 543 3722 in
556 3670 733 3739 comparison
746 3671 811 3726 with
825 3673 872 3727 the
885 3674 966 3728 other
980 3671 1093 3728 Medici.

374 3750 467 3805 There
481 3749 504 3804 is
521 3769 538 3806 a
555 3752 622 3822 long
639 3753 696 3807 and
715 3753 880 3824 interesting
898 3767 1014 3812 account
1032 3756 1064 3810 oi
1078 3756 1134 3811 this
1154 3757 1229 3812 word
1249 3755 1278 3811 in
1299 3758 1404 3828 Koppts
1424 3759 1487 3814 Bei-

339 3837 418 3902 trage
430 3851 477 3888 zur
490 3835 661 3890 Geschichte
674 3836 725 3892 der
738 3838 856 3905 Chimie,
870 3839 1093 3910 Braunschweig,
1111 3840 1186 3908 1869,
1199 3857 1245 3910 pp.
1258 3841 1337 3908 63-4,
1350 3851 1424 3896 note.
1462 3843 1487 3896 lt

341 3933 396 3970 was
409 3917 519 3987 usually
531 3919 645 3974 derived
658 3920 730 3974 from
742 3924 812 3990 σπᾷν
825 3923 866 3975 καὶ
877 3921 995 3992 ἀγείρειν,
1008 3932 1037 3976 to
1050 3933 1179 3993 separate
1191 3923 1249 3978 and
1262 3923 1399 3980 combine.

373 3995 396 4112 Ξ
414 3999 527 4056 ‘Those
540 4002 621 4069 fires,’
634 4020 666 4058 as
680 4003 707 4058 in
721 4005 792 4058 Aen.
802 4004 848 4058 vii.
862 4017 915 4073 77:
934 4007 994 4060 ‘Ac
1006 4005 1072 4061 totis
1081 4007 1238 4061 Vulcanum
1249 4023 1380 4078 spargere
1389 4007 1488 4064 tectis!

414 4083 469 4138 See
482 4083 510 4138 ii.
523 4097 565 4153 35.

372 4161 394 4193 ²⁷
416 4166 466 4235 Cp.
479 4165 495 4220 i.
509 4180 534 4234 3.

373 4244 395 4276 ²⁸
416 4248 608 4320 sesqui-oxide
629 4251 661 4306 ol
679 4252 747 4307 iron.
794 4253 936 4309 ‘Crocus'
954 4273 1011 4310 was
1030 4272 1047 4310 a
1066 4265 1137 4312 term
1155 4255 1268 4327 applied
1286 4257 1324 4328 by
1343 4259 1391 4314 the
1409 4259 1489 4313 older

338 4329 472 4386 chemists
489 4341 518 4387 to
534 4349 620 4403 many
632 4335 753 4391 metallic
769 4338 952 4408 compounds,
969 4355 1001 4394 as
1014 4340 1121 4396 Crocus
1134 4340 1298 4410 Antimonii,
1312 4343 1420 4397 Crocus
1432 4343 1487 4398 Ve-

337 4411 422 4479 neris,
435 4415 485 4469 dec.

371 4492 393 4525 ²⁹
412 4495 572 4568 ‘Verdigris
581 4500 639 4554 and
652 4500 830 4558 white-lead!
867 4504 943 4559 Both
954 4505 1034 4563 these
1047 4522 1094 4563 arc
1107 4506 1235 4564 classical
1248 4517 1343 4562 terms.
