<?xml version="1.0" encoding="UTF-8"?>
<!DOCTYPE html PUBLIC "-//W3C//DTD XHTML 1.0 Transitional//EN"
    "http://www.w3.org/TR/xhtml1/DTD/xhtml1-transitional.dtd">
<html xmlns="http://www.w3.org/1999/xhtml" xml:lang="en" lang="en">
 <head>
  <title>
</title>
<meta http-equiv="Content-Type" content="text/html;charset=utf-8" />
  <meta name='ocr-system' content='tesseract 3.04.00' />
  <meta name='ocr-capabilities' content='ocr_page ocr_carea ocr_par ocr_line ocrx_word'/>
</head>
<body>
  <div class='ocr_page' id='page_1' title='image "./baconsnovumorga00bacogoog/baconsnovumorga00bacogoog_0295.png"; bbox 0 0 3358 5152; ppageno 0'>
   <div class='ocr_carea' id='block_1_1' title="bbox 306 362 1074 428">
    <p class='ocr_par' dir='ltr' id='par_1_1' title="bbox 306 362 1074 428">
     <span class='ocr_line' id='line_1_1' title="bbox 306 362 1074 428; baseline -0.005 -2"><span class='ocrx_word' id='word_1_1' title='bbox 306 362 368 428; x_wconf 85' lang='lat'>266</span> <span class='ocrx_word' id='word_1_2' title='bbox 681 367 838 424; x_wconf 86' lang='lat' dir='ltr'><em>NOVUM</em></span> <span class='ocrx_word' id='word_1_3' title='bbox 858 367 1074 422; x_wconf 81' lang='lat' dir='ltr'>ORGANUM.</span> 
     </span>
    </p>
   </div>
   <div class='ocr_carea' id='block_1_2' title="bbox 237 529 1462 2801">
    <p class='ocr_par' dir='ltr' id='par_1_2' title="bbox 237 529 1458 1554">
     <span class='ocr_line' id='line_1_2' title="bbox 305 529 1454 616; baseline -0.001 -21"><span class='ocrx_word' id='word_1_4' title='bbox 305 531 490 616; x_wconf 90' lang='lat' dir='ltr'>perimenta</span> <span class='ocrx_word' id='word_1_5' title='bbox 511 533 694 596; x_wconf 89' lang='lat' dir='ltr'>medicinae</span> <span class='ocrx_word' id='word_1_6' title='bbox 713 532 821 615; x_wconf 90' lang='lat' dir='ltr'>primo</span> <span class='ocrx_word' id='word_1_7' title='bbox 843 533 976 598; x_wconf 91' lang='lat' dir='ltr'>inventa</span> <span class='ocrx_word' id='word_1_8' title='bbox 991 530 1098 609; x_wconf 82' lang='lat' dir='ltr'>luisse,</span> <span class='ocrx_word' id='word_1_9' title='bbox 1113 551 1152 594; x_wconf 92' lang='lat' dir='ltr'>ac</span> <span class='ocrx_word' id='word_1_10' title='bbox 1168 539 1284 614; x_wconf 86' lang='lat' dir='ltr'>postea</span> <span class='ocrx_word' id='word_1_11' title='bbox 1303 529 1454 594; x_wconf 89' lang='lat' dir='ltr'>homines</span> 
     </span>
     <span class='ocr_line' id='line_1_3' title="bbox 305 635 1454 720; baseline -0.004 -19"><span class='ocrx_word' id='word_1_12' title='bbox 305 636 390 701; x_wconf 87' lang='lat' dir='ltr'>circa</span> <span class='ocrx_word' id='word_1_13' title='bbox 406 658 445 700; x_wconf 89' lang='lat' dir='ltr'>ea</span> <span class='ocrx_word' id='word_1_14' title='bbox 460 635 711 720; x_wconf 89' lang='lat' dir='ltr'>philosophatos</span> <span class='ocrx_word' id='word_1_15' title='bbox 731 656 802 699; x_wconf 88' lang='lat' dir='ltr'>esse</span> <span class='ocrx_word' id='word_1_16' title='bbox 818 646 850 700; x_wconf 90' lang='lat' dir='ltr'>et</span> <span class='ocrx_word' id='word_1_17' title='bbox 866 656 984 700; x_wconf 82' lang='lat' dir='ltr'>causas</span> <span class='ocrx_word' id='word_1_18' title='bbox 1003 637 1176 718; x_wconf 84' lang='lat' dir='ltr'>indagasse</span> <span class='ocrx_word' id='word_1_19' title='bbox 1197 645 1230 698; x_wconf 90' lang='lat' dir='ltr'>et</span> <span class='ocrx_word' id='word_1_20' title='bbox 1252 636 1454 718; x_wconf 84' lang='lat' dir='ltr'>assignasse3</span> 
     </span>
     <span class='ocr_line' id='line_1_4' title="bbox 307 739 1454 824; baseline -0.003 -20"><span class='ocrx_word' id='word_1_21' title='bbox 307 761 373 804; x_wconf 93' lang='lat' dir='ltr'>non</span> <span class='ocrx_word' id='word_1_22' title='bbox 399 741 514 804; x_wconf 88' lang='lat' dir='ltr'>ordine</span> <span class='ocrx_word' id='word_1_23' title='bbox 538 742 665 804; x_wconf 93' lang='lat' dir='ltr'>inverso</span> <span class='ocrx_word' id='word_1_24' title='bbox 689 740 845 814; x_wconf 90' lang='lat' dir='ltr'>evenisse,</span> <span class='ocrx_word' id='word_1_25' title='bbox 864 750 901 802; x_wconf 95' lang='lat' dir='ltr'>ut</span> <span class='ocrx_word' id='word_1_26' title='bbox 926 761 969 803; x_wconf 86' lang='lat' dir='ltr'>ex</span> <span class='ocrx_word' id='word_1_27' title='bbox 994 739 1203 824; x_wconf 90' lang='lat' dir='ltr'>philosophia</span> <span class='ocrx_word' id='word_1_28' title='bbox 1228 748 1261 803; x_wconf 92' lang='lat' dir='ltr'>et</span> <span class='ocrx_word' id='word_1_29' title='bbox 1285 758 1454 803; x_wconf 89' lang='lat' dir='ltr'>causarum</span> 
     </span>
     <span class='ocr_line' id='line_1_5' title="bbox 305 842 1455 928; baseline -0.005 -18"><span class='ocrx_word' id='word_1_30' title='bbox 305 845 495 926; x_wconf 85' lang='lat' dir='ltr'>cognitione</span> <span class='ocrx_word' id='word_1_31' title='bbox 519 846 590 928; x_wconf 91' lang='lat' dir='ltr'>ipsa</span> <span class='ocrx_word' id='word_1_32' title='bbox 617 842 849 927; x_wconf 83' lang='lat' dir='ltr'>experimenta</span> <span class='ocrx_word' id='word_1_33' title='bbox 872 845 1005 908; x_wconf 91' lang='lat' dir='ltr'>inventa</span> <span class='ocrx_word' id='word_1_34' title='bbox 1031 854 1088 908; x_wconf 85' lang='lat' dir='ltr'>aut</span> <span class='ocrx_word' id='word_1_35' title='bbox 1115 844 1313 927; x_wconf 90' lang='lat' dir='ltr'>deprompta</span> <span class='ocrx_word' id='word_1_36' title='bbox 1338 852 1455 906; x_wconf 88' lang='lat' dir='ltr'>essent.</span> 
     </span>
     <span class='ocr_line' id='line_1_6' title="bbox 237 945 1457 1032; baseline -0.002 -21"><span class='ocrx_word' id='word_1_37' title='bbox 237 965 243 978; x_wconf 83' lang='lat'>·</span> <span class='ocrx_word' id='word_1_38' title='bbox 308 948 428 1030; x_wconf 90' lang='lat' dir='ltr'>Itaque</span> <span class='ocrx_word' id='word_1_39' title='bbox 443 949 562 1012; x_wconf 91' lang='lat' dir='ltr'>mirum</span> <span class='ocrx_word' id='word_1_40' title='bbox 579 969 645 1012; x_wconf 93' lang='lat' dir='ltr'>non</span> <span class='ocrx_word' id='word_1_41' title='bbox 661 957 739 1025; x_wconf 88' lang='lat' dir='ltr'>erat,</span> <span class='ocrx_word' id='word_1_42' title='bbox 755 950 843 1031; x_wconf 91' lang='lat' dir='ltr'>apud</span> <span class='ocrx_word' id='word_1_43' title='bbox 861 948 1051 1031; x_wconf 87' lang='lat' dir='ltr'>Aegyptios</span> <span class='ocrx_word' id='word_1_44' title='bbox 1066 946 1138 1032; x_wconf 92' lang='lat' dir='ltr'>(qui</span> <span class='ocrx_word' id='word_1_45' title='bbox 1153 969 1261 1010; x_wconf 88' lang='lat' dir='ltr'>rerum</span> <span class='ocrx_word' id='word_1_46' title='bbox 1278 945 1457 1010; x_wconf 90' lang='lat' dir='ltr'>inventori-</span> 
     </span>
     <span class='ocr_line' id='line_1_7' title="bbox 307 1049 1457 1135; baseline -0.004 -19"><span class='ocrx_word' id='word_1_47' title='bbox 307 1053 369 1116; x_wconf 88' lang='lat' dir='ltr'>bus</span> <span class='ocrx_word' id='word_1_48' title='bbox 391 1053 598 1117; x_wconf 90' lang='lat' dir='ltr'>divinitatem</span> <span class='ocrx_word' id='word_1_49' title='bbox 622 1063 656 1117; x_wconf 91' lang='lat' dir='ltr'>et</span> <span class='ocrx_word' id='word_1_50' title='bbox 679 1052 960 1117; x_wconf 88' lang='lat' dir='ltr'>consecrationem</span> <span class='ocrx_word' id='word_1_51' title='bbox 983 1049 1218 1135; x_wconf 84' lang='lat' dir='ltr'>attribuerunt)</span> <span class='ocrx_word' id='word_1_52' title='bbox 1233 1050 1343 1135; x_wconf 90' lang='lat' dir='ltr'>plures</span> <span class='ocrx_word' id='word_1_53' title='bbox 1359 1049 1457 1112; x_wconf 84' lang='lat' dir='ltr'>luisse</span> 
     </span>
     <span class='ocr_line' id='line_1_8' title="bbox 307 1154 1458 1239; baseline -0.003 -20"><span class='ocrx_word' id='word_1_54' title='bbox 307 1156 480 1221; x_wconf 91' lang='lat' dir='ltr'>brutorum</span> <span class='ocrx_word' id='word_1_55' title='bbox 508 1156 699 1221; x_wconf 91' lang='lat' dir='ltr'>animalium</span> <span class='ocrx_word' id='word_1_56' title='bbox 725 1158 885 1238; x_wconf 82' lang='lat' dir='ltr'>imagines</span> <span class='ocrx_word' id='word_1_57' title='bbox 909 1177 1008 1238; x_wconf 89' lang='lat' dir='ltr'>quam</span> <span class='ocrx_word' id='word_1_58' title='bbox 1033 1155 1225 1219; x_wconf 86' lang='lat' dir='ltr'>hominum:</span> <span class='ocrx_word' id='word_1_59' title='bbox 1258 1156 1335 1239; x_wconf 92' lang='lat' dir='ltr'>quia</span> <span class='ocrx_word' id='word_1_60' title='bbox 1359 1154 1458 1217; x_wconf 91' lang='lat' dir='ltr'>bruta</span> 
     </span>
     <span class='ocr_line' id='line_1_9' title="bbox 307 1260 1458 1344; baseline -0.003 -20"><span class='ocrx_word' id='word_1_61' title='bbox 307 1260 470 1338; x_wconf 90' lang='lat' dir='ltr'>animalia,</span> <span class='ocrx_word' id='word_1_62' title='bbox 486 1283 545 1344; x_wconf 90' lang='lat' dir='ltr'>per</span> <span class='ocrx_word' id='word_1_63' title='bbox 568 1263 739 1325; x_wconf 86' lang='lat' dir='ltr'>instinctus</span> <span class='ocrx_word' id='word_1_64' title='bbox 761 1260 936 1334; x_wconf 84' lang='lat' dir='ltr'>naturales,</span> <span class='ocrx_word' id='word_1_65' title='bbox 957 1260 1062 1324; x_wconf 89' lang='lat' dir='ltr'>multa</span> <span class='ocrx_word' id='word_1_66' title='bbox 1085 1261 1218 1323; x_wconf 88' lang='lat' dir='ltr'>inventa</span> <span class='ocrx_word' id='word_1_67' title='bbox 1241 1266 1458 1342; x_wconf 85' lang='lat' dir='ltr'>pepererunt3</span> 
     </span>
     <span class='ocr_line' id='line_1_10' title="bbox 308 1360 1458 1444; baseline -0.004 -15"><span class='ocrx_word' id='word_1_68' title='bbox 308 1365 364 1430; x_wconf 92' lang='lat' dir='ltr'>ubi</span> <span class='ocrx_word' id='word_1_69' title='bbox 392 1365 549 1444; x_wconf 91' lang='lat' dir='ltr'>homines,</span> <span class='ocrx_word' id='word_1_70' title='bbox 573 1388 618 1430; x_wconf 87' lang='lat' dir='ltr'>ex</span> <span class='ocrx_word' id='word_1_71' title='bbox 649 1365 854 1430; x_wconf 86' lang='lat' dir='ltr'>sermonibus</span> <span class='ocrx_word' id='word_1_72' title='bbox 880 1375 914 1429; x_wconf 88' lang='lat' dir='ltr'>et</span> <span class='ocrx_word' id='word_1_73' title='bbox 942 1364 1208 1429; x_wconf 90' lang='lat' dir='ltr'>conclusionibus</span> <span class='ocrx_word' id='word_1_74' title='bbox 1234 1360 1458 1438; x_wconf 86' lang='lat' dir='ltr'>rationalibus,</span> 
     </span>
     <span class='ocr_line' id='line_1_11' title="bbox 307 1469 828 1554; baseline -0.008 -20"><span class='ocrx_word' id='word_1_75' title='bbox 307 1491 413 1554; x_wconf 91' lang='lat' dir='ltr'>pauca</span> <span class='ocrx_word' id='word_1_76' title='bbox 428 1480 486 1534; x_wconf 90' lang='lat' dir='ltr'>aut</span> <span class='ocrx_word' id='word_1_77' title='bbox 502 1469 593 1533; x_wconf 91' lang='lat' dir='ltr'>nulla</span> <span class='ocrx_word' id='word_1_78' title='bbox 608 1469 828 1533; x_wconf 89' lang='lat' dir='ltr'>exhibuerint.</span> 
     </span>
    </p>

    <p class='ocr_par' dir='ltr' id='par_1_3' title="bbox 308 1570 1462 2801">
     <span class='ocr_line' id='line_1_12' title="bbox 351 1570 1458 1656; baseline -0.006 -19"><span class='ocrx_word' id='word_1_79' title='bbox 351 1574 401 1637; x_wconf 92' lang='lat' dir='ltr'>At</span> <span class='ocrx_word' id='word_1_80' title='bbox 423 1573 659 1656; x_wconf 90' lang='lat' dir='ltr'>Chymicorum</span> <span class='ocrx_word' id='word_1_81' title='bbox 684 1573 841 1637; x_wconf 91' lang='lat' dir='ltr'>industria</span> <span class='ocrx_word' id='word_1_82' title='bbox 864 1571 1021 1636; x_wconf 91' lang='lat' dir='ltr'>nonnulla</span> <span class='ocrx_word' id='word_1_83' title='bbox 1044 1570 1192 1656; x_wconf 84' lang='lat' dir='ltr'>peperit3</span> <span class='ocrx_word' id='word_1_84' title='bbox 1218 1572 1277 1635; x_wconf 87' lang='lat' dir='ltr'>sed</span> <span class='ocrx_word' id='word_1_85' title='bbox 1299 1580 1458 1653; x_wconf 89' lang='lat' dir='ltr'>tanquam</span> 
     </span>
     <span class='ocr_line' id='line_1_13' title="bbox 308 1673 1459 1760; baseline -0.005 -20"><span class='ocrx_word' id='word_1_86' title='bbox 308 1677 445 1742; x_wconf 80' lang='lat' dir='ltr'>fortuito</span> <span class='ocrx_word' id='word_1_87' title='bbox 470 1688 504 1741; x_wconf 89' lang='lat' dir='ltr'>et</span> <span class='ocrx_word' id='word_1_88' title='bbox 528 1678 643 1752; x_wconf 87' lang='lat' dir='ltr'>obiter,</span> <span class='ocrx_word' id='word_1_89' title='bbox 665 1687 724 1740; x_wconf 93' lang='lat' dir='ltr'>aut</span> <span class='ocrx_word' id='word_1_90' title='bbox 749 1697 808 1760; x_wconf 87' lang='lat' dir='ltr'>per</span> <span class='ocrx_word' id='word_1_91' title='bbox 834 1677 1137 1759; x_wconf 89' lang='lat' dir='ltr'>experimentorum</span> <span class='ocrx_word' id='word_1_92' title='bbox 1161 1675 1330 1757; x_wconf 89' lang='lat' dir='ltr'>quandam</span> <span class='ocrx_word' id='word_1_93' title='bbox 1352 1673 1459 1736; x_wconf 88' lang='lat' dir='ltr'>varia-</span> 
     </span>
     <span class='ocr_line' id='line_1_14' title="bbox 309 1777 1458 1868; baseline -0.006 -23"><span class='ocrx_word' id='word_1_94' title='bbox 309 1783 433 1845; x_wconf 93' lang='lat' dir='ltr'>tionem</span> <span class='ocrx_word' id='word_1_95' title='bbox 451 1779 502 1863; x_wconf 91' lang='lat' dir='ltr'>(ut</span> <span class='ocrx_word' id='word_1_96' title='bbox 518 1780 699 1844; x_wconf 90' lang='lat' dir='ltr'>mechanici</span> <span class='ocrx_word' id='word_1_97' title='bbox 715 1777 845 1868; x_wconf 90' lang='lat' dir='ltr'>solent),</span> <span class='ocrx_word' id='word_1_98' title='bbox 860 1801 926 1844; x_wconf 93' lang='lat' dir='ltr'>non</span> <span class='ocrx_word' id='word_1_99' title='bbox 948 1801 992 1843; x_wconf 90' lang='lat' dir='ltr'>ex</span> <span class='ocrx_word' id='word_1_100' title='bbox 1011 1789 1083 1843; x_wconf 89' lang='lat' dir='ltr'>arte</span> <span class='ocrx_word' id='word_1_101' title='bbox 1101 1790 1160 1844; x_wconf 88' lang='lat' dir='ltr'>aut</span> <span class='ocrx_word' id='word_1_102' title='bbox 1180 1779 1308 1844; x_wconf 89' lang='lat' dir='ltr'>theoria</span> <span class='ocrx_word' id='word_1_103' title='bbox 1328 1777 1458 1860; x_wconf 84' lang='lat' dir='ltr'>aliqua3</span> 
     </span>
     <span class='ocr_line' id='line_1_15' title="bbox 309 1881 1460 1968; baseline -0.007 -18"><span class='ocrx_word' id='word_1_104' title='bbox 309 1906 386 1950; x_wconf 91' lang='lat' dir='ltr'>narn</span> <span class='ocrx_word' id='word_1_105' title='bbox 415 1906 463 1964; x_wconf 87' lang='lat' dir='ltr'>ea,</span> <span class='ocrx_word' id='word_1_106' title='bbox 486 1907 587 1968; x_wconf 89' lang='lat' dir='ltr'>quam</span> <span class='ocrx_word' id='word_1_107' title='bbox 614 1883 858 1960; x_wconf 87' lang='lat' dir='ltr'>confinxerunt,</span> <span class='ocrx_word' id='word_1_108' title='bbox 882 1885 1112 1966; x_wconf 90' lang='lat' dir='ltr'>experimenta</span> <span class='ocrx_word' id='word_1_109' title='bbox 1144 1884 1250 1966; x_wconf 87' lang='lat' dir='ltr'>magis</span> <span class='ocrx_word' id='word_1_110' title='bbox 1280 1881 1460 1966; x_wconf 89' lang='lat' dir='ltr'>perturbat,</span> 
     </span>
     <span class='ocr_line' id='line_1_16' title="bbox 308 1981 1460 2073; baseline -0.004 -21"><span class='ocrx_word' id='word_1_111' title='bbox 308 2010 410 2073; x_wconf 90' lang='lat' dir='ltr'>quam</span> <span class='ocrx_word' id='word_1_112' title='bbox 437 1989 541 2071; x_wconf 89' lang='lat' dir='ltr'>juvat.</span> <span class='ocrx_word' id='word_1_113' title='bbox 587 1990 713 2052; x_wconf 92' lang='lat' dir='ltr'>Eorum</span> <span class='ocrx_word' id='word_1_114' title='bbox 746 1990 857 2066; x_wconf 88' lang='lat' dir='ltr'>etiam,</span> <span class='ocrx_word' id='word_1_115' title='bbox 883 1989 941 2070; x_wconf 93' lang='lat' dir='ltr'>qui</span> <span class='ocrx_word' id='word_1_116' title='bbox 975 1989 1009 2052; x_wconf 92' lang='lat' dir='ltr'>in</span> <span class='ocrx_word' id='word_1_117' title='bbox 1042 1988 1154 2069; x_wconf 83' lang='lat' dir='ltr'>magia</span> <span class='ocrx_word' id='word_1_118' title='bbox 1184 1982 1297 2072; x_wconf 91' lang='lat' dir='ltr'>(quam</span> <span class='ocrx_word' id='word_1_119' title='bbox 1328 1981 1460 2068; x_wconf 89' lang='lat' dir='ltr'>vocant)</span> 
     </span>
     <span class='ocr_line' id='line_1_17' title="bbox 310 2088 1460 2176; baseline -0.005 -20"><span class='ocrx_word' id='word_1_120' title='bbox 310 2092 485 2158; x_wconf 80' lang='lat' dir='ltr'>naturali⁹⁶</span> <span class='ocrx_word' id='word_1_121' title='bbox 497 2095 617 2157; x_wconf 91' lang='lat' dir='ltr'>versati</span> <span class='ocrx_word' id='word_1_122' title='bbox 633 2102 718 2172; x_wconf 89' lang='lat' dir='ltr'>sunt,</span> <span class='ocrx_word' id='word_1_123' title='bbox 731 2113 836 2175; x_wconf 89' lang='lat' dir='ltr'>pauca</span> <span class='ocrx_word' id='word_1_124' title='bbox 852 2093 1059 2176; x_wconf 88' lang='lat' dir='ltr'>reperiuntur</span> <span class='ocrx_word' id='word_1_125' title='bbox 1074 2093 1221 2168; x_wconf 89' lang='lat' dir='ltr'>inventa;</span> <span class='ocrx_word' id='word_1_126' title='bbox 1246 2110 1350 2174; x_wconf 90' lang='lat' dir='ltr'>eaque</span> <span class='ocrx_word' id='word_1_127' title='bbox 1366 2088 1460 2165; x_wconf 90' lang='lat' dir='ltr'>levia,</span> 
     </span>
     <span class='ocr_line' id='line_1_18' title="bbox 309 2195 1462 2281; baseline -0.003 -21"><span class='ocrx_word' id='word_1_128' title='bbox 309 2206 344 2260; x_wconf 91' lang='lat' dir='ltr'>et</span> <span class='ocrx_word' id='word_1_129' title='bbox 360 2198 560 2280; x_wconf 85' lang='lat' dir='ltr'>imposturae</span> <span class='ocrx_word' id='word_1_130' title='bbox 575 2199 737 2280; x_wconf 92' lang='lat' dir='ltr'>propiora.</span> <span class='ocrx_word' id='word_1_131' title='bbox 772 2197 944 2281; x_wconf 86' lang='lat' dir='ltr'>Quocirca,</span> <span class='ocrx_word' id='word_1_132' title='bbox 957 2199 1238 2281; x_wconf 91' lang='lat' dir='ltr'>quemadmodum</span> <span class='ocrx_word' id='word_1_133' title='bbox 1255 2197 1288 2259; x_wconf 91' lang='lat' dir='ltr'>in</span> <span class='ocrx_word' id='word_1_134' title='bbox 1304 2195 1462 2279; x_wconf 86' lang='lat' dir='ltr'>religione</span> 
     </span>
     <span class='ocr_line' id='line_1_19' title="bbox 310 2298 1461 2387; baseline -0.001 -24"><span class='ocrx_word' id='word_1_135' title='bbox 310 2301 453 2378; x_wconf 88' lang='lat' dir='ltr'>cavetur,</span> <span class='ocrx_word' id='word_1_136' title='bbox 480 2311 515 2364; x_wconf 90' lang='lat' dir='ltr'>ut</span> <span class='ocrx_word' id='word_1_137' title='bbox 542 2299 624 2365; x_wconf 86' lang='lat' dir='ltr'>fides</span> <span class='ocrx_word' id='word_1_138' title='bbox 651 2323 695 2365; x_wconf 90' lang='lat' dir='ltr'>ex</span> <span class='ocrx_word' id='word_1_139' title='bbox 725 2304 880 2387; x_wconf 87' lang='lat' dir='ltr'>operibus</span> <span class='ocrx_word' id='word_1_140' title='bbox 911 2313 1134 2378; x_wconf 87' lang='lat' dir='ltr'>monstretur3</span> <span class='ocrx_word' id='word_1_141' title='bbox 1170 2303 1258 2365; x_wconf 91' lang='lat' dir='ltr'>idem</span> <span class='ocrx_word' id='word_1_142' title='bbox 1290 2301 1391 2364; x_wconf 89' lang='lat' dir='ltr'>etiam</span> <span class='ocrx_word' id='word_1_143' title='bbox 1418 2298 1461 2363; x_wconf 88' lang='lat' dir='ltr'>ad</span> 
     </span>
     <span class='ocr_line' id='line_1_20' title="bbox 310 2403 1462 2490; baseline -0.001 -22"><span class='ocrx_word' id='word_1_144' title='bbox 310 2403 555 2488; x_wconf 90' lang='lat' dir='ltr'>philosophiam</span> <span class='ocrx_word' id='word_1_145' title='bbox 579 2406 705 2490; x_wconf 89' lang='lat' dir='ltr'>optime</span> <span class='ocrx_word' id='word_1_146' title='bbox 727 2409 917 2485; x_wconf 90' lang='lat' dir='ltr'>traducitur,</span> <span class='ocrx_word' id='word_1_147' title='bbox 934 2418 971 2471; x_wconf 92' lang='lat' dir='ltr'>ut</span> <span class='ocrx_word' id='word_1_148' title='bbox 994 2429 1038 2472; x_wconf 87' lang='lat' dir='ltr'>ex</span> <span class='ocrx_word' id='word_1_149' title='bbox 1063 2406 1221 2471; x_wconf 78' lang='lat' dir='ltr'>fructibus</span> <span class='ocrx_word' id='word_1_150' title='bbox 1241 2405 1406 2487; x_wconf 91' lang='lat' dir='ltr'>judicetur</span> <span class='ocrx_word' id='word_1_151' title='bbox 1428 2412 1462 2467; x_wconf 90' lang='lat' dir='ltr'>et</span> 
     </span>
     <span class='ocr_line' id='line_1_21' title="bbox 309 2508 1462 2594; baseline -0.001 -21"><span class='ocrx_word' id='word_1_152' title='bbox 309 2529 396 2573; x_wconf 89' lang='lat' dir='ltr'>vana</span> <span class='ocrx_word' id='word_1_153' title='bbox 411 2508 572 2573; x_wconf 89' lang='lat' dir='ltr'>habeatur</span> <span class='ocrx_word' id='word_1_154' title='bbox 587 2531 673 2592; x_wconf 88' lang='lat' dir='ltr'>quae</span> <span class='ocrx_word' id='word_1_155' title='bbox 693 2510 811 2574; x_wconf 89' lang='lat' dir='ltr'>sterilis</span> <span class='ocrx_word' id='word_1_156' title='bbox 833 2512 896 2575; x_wconf 90' lang='lat' dir='ltr'>sit:</span> <span class='ocrx_word' id='word_1_157' title='bbox 921 2520 1022 2593; x_wconf 91' lang='lat' dir='ltr'>atque</span> <span class='ocrx_word' id='word_1_158' title='bbox 1045 2531 1084 2574; x_wconf 91' lang='lat' dir='ltr'>eo</span> <span class='ocrx_word' id='word_1_159' title='bbox 1108 2510 1214 2594; x_wconf 85' lang='lat' dir='ltr'>magis</span> <span class='ocrx_word' id='word_1_160' title='bbox 1236 2511 1273 2588; x_wconf 94' lang='lat' dir='ltr'>si,</span> <span class='ocrx_word' id='word_1_161' title='bbox 1287 2508 1362 2572; x_wconf 95' lang='lat' dir='ltr'>loco</span> <span class='ocrx_word' id='word_1_162' title='bbox 1378 2509 1462 2572; x_wconf 87' lang='lat' dir='ltr'>sruc-</span> 
     </span>
     <span class='ocr_line' id='line_1_22' title="bbox 311 2614 1462 2699; baseline -0.003 -22"><span class='ocrx_word' id='word_1_163' title='bbox 311 2621 405 2678; x_wconf 93' lang='lat' dir='ltr'>tuum</span> <span class='ocrx_word' id='word_1_164' title='bbox 422 2635 505 2677; x_wconf 90' lang='lat' dir='ltr'>uvae</span> <span class='ocrx_word' id='word_1_165' title='bbox 520 2623 554 2677; x_wconf 95' lang='lat' dir='ltr'>et</span> <span class='ocrx_word' id='word_1_166' title='bbox 569 2614 684 2693; x_wconf 89' lang='lat' dir='ltr'>olivae,</span> <span class='ocrx_word' id='word_1_167' title='bbox 700 2617 862 2699; x_wconf 91' lang='lat' dir='ltr'>producat</span> <span class='ocrx_word' id='word_1_168' title='bbox 878 2615 1142 2698; x_wconf 91' lang='lat' dir='ltr'>disputationum</span> <span class='ocrx_word' id='word_1_169' title='bbox 1159 2625 1191 2677; x_wconf 89' lang='lat' dir='ltr'>et</span> <span class='ocrx_word' id='word_1_170' title='bbox 1211 2614 1462 2678; x_wconf 85' lang='lat' dir='ltr'>contentionum</span> 
     </span>
     <span class='ocr_line' id='line_1_23' title="bbox 311 2718 639 2801; baseline 0 -18"><span class='ocrx_word' id='word_1_171' title='bbox 311 2718 453 2783; x_wconf 91' lang='lat' dir='ltr'>carduos</span> <span class='ocrx_word' id='word_1_172' title='bbox 469 2728 503 2783; x_wconf 93' lang='lat' dir='ltr'>et</span> <span class='ocrx_word' id='word_1_173' title='bbox 518 2719 639 2801; x_wconf 78' lang='lat' dir='ltr'>spinas</span> 
     </span>
    </p>
   </div>
   <div class='ocr_carea' id='block_1_3' title="bbox 808 2822 969 2887">
    <p class='ocr_par' dir='ltr' id='par_1_4' title="bbox 808 2822 969 2887">
     <span class='ocr_line' id='line_1_24' title="bbox 808 2822 969 2887; baseline 0 -1"><span class='ocrx_word' id='word_1_174' title='bbox 808 2822 969 2887; x_wconf 86' lang='lat' dir='ltr'>LXXIV.</span> 
     </span>
    </p>
   </div>
   <div class='ocr_carea' id='block_1_4' title="bbox 312 2957 1466 3358">
    <p class='ocr_par' dir='ltr' id='par_1_5' title="bbox 312 2957 1466 3358">
     <span class='ocr_line' id='line_1_25' title="bbox 357 2957 1464 3044; baseline 0 -22"><span class='ocrx_word' id='word_1_175' title='bbox 357 2957 528 3043; x_wconf 89' lang='lat' dir='ltr'>Capienda</span> <span class='ocrx_word' id='word_1_176' title='bbox 548 2960 648 3026; x_wconf 90' lang='lat' dir='ltr'>etiam</span> <span class='ocrx_word' id='word_1_177' title='bbox 669 2971 744 3025; x_wconf 91' lang='lat' dir='ltr'>sunt</span> <span class='ocrx_word' id='word_1_178' title='bbox 765 2961 859 3044; x_wconf 86' lang='lat' dir='ltr'>signa</span> <span class='ocrx_word' id='word_1_179' title='bbox 880 2983 923 3026; x_wconf 89' lang='lat' dir='ltr'>ex</span> <span class='ocrx_word' id='word_1_180' title='bbox 946 2961 1157 3026; x_wconf 89' lang='lat' dir='ltr'>incrementis</span> <span class='ocrx_word' id='word_1_181' title='bbox 1180 2970 1214 3024; x_wconf 93' lang='lat' dir='ltr'>et</span> <span class='ocrx_word' id='word_1_182' title='bbox 1236 2959 1464 3044; x_wconf 85' lang='lat' dir='ltr'>progressibus</span> 
     </span>
     <span class='ocr_line' id='line_1_26' title="bbox 312 3063 1465 3149; baseline 0 -23"><span class='ocrx_word' id='word_1_183' title='bbox 312 3063 596 3146; x_wconf 91' lang='lat' dir='ltr'>philosophiarum</span> <span class='ocrx_word' id='word_1_184' title='bbox 612 3075 646 3130; x_wconf 96' lang='lat' dir='ltr'>et</span> <span class='ocrx_word' id='word_1_185' title='bbox 661 3067 879 3130; x_wconf 88' lang='lat' dir='ltr'>scientiarum.</span> <span class='ocrx_word' id='word_1_186' title='bbox 925 3065 1022 3149; x_wconf 87' lang='lat' dir='ltr'>Quae</span> <span class='ocrx_word' id='word_1_187' title='bbox 1042 3067 1129 3129; x_wconf 92' lang='lat' dir='ltr'>enim</span> <span class='ocrx_word' id='word_1_188' title='bbox 1145 3065 1178 3129; x_wconf 95' lang='lat' dir='ltr'>in</span> <span class='ocrx_word' id='word_1_189' title='bbox 1193 3075 1311 3129; x_wconf 90' lang='lat' dir='ltr'>natura</span> <span class='ocrx_word' id='word_1_190' title='bbox 1327 3063 1465 3128; x_wconf 82' lang='lat' dir='ltr'>lundata</span> 
     </span>
     <span class='ocr_line' id='line_1_27' title="bbox 312 3169 1465 3253; baseline -0.003 -22"><span class='ocrx_word' id='word_1_191' title='bbox 312 3179 399 3244; x_wconf 90' lang='lat' dir='ltr'>sunt,</span> <span class='ocrx_word' id='word_1_192' title='bbox 417 3179 567 3233; x_wconf 87' lang='lat' dir='ltr'>crescunt</span> <span class='ocrx_word' id='word_1_193' title='bbox 583 3179 616 3232; x_wconf 89' lang='lat' dir='ltr'>et</span> <span class='ocrx_word' id='word_1_194' title='bbox 632 3181 812 3253; x_wconf 88' lang='lat' dir='ltr'>augentur:</span> <span class='ocrx_word' id='word_1_195' title='bbox 837 3190 923 3252; x_wconf 90' lang='lat' dir='ltr'>quae</span> <span class='ocrx_word' id='word_1_196' title='bbox 938 3181 1050 3233; x_wconf 91' lang='lat' dir='ltr'>autem</span> <span class='ocrx_word' id='word_1_197' title='bbox 1065 3171 1099 3232; x_wconf 92' lang='lat' dir='ltr'>in</span> <span class='ocrx_word' id='word_1_198' title='bbox 1115 3169 1277 3252; x_wconf 89' lang='lat' dir='ltr'>opinione,</span> <span class='ocrx_word' id='word_1_199' title='bbox 1289 3169 1465 3242; x_wconf 89' lang='lat' dir='ltr'>variantur,</span> 
     </span>
     <span class='ocr_line' id='line_1_28' title="bbox 313 3271 1466 3358; baseline -0.001 -23"><span class='ocrx_word' id='word_1_200' title='bbox 313 3292 379 3335; x_wconf 92' lang='lat' dir='ltr'>non</span> <span class='ocrx_word' id='word_1_201' title='bbox 394 3283 557 3355; x_wconf 83' lang='lat' dir='ltr'>augentur</span> <span class='ocrx_word' id='word_1_202' title='bbox 565 3273 601 3339; x_wconf 71' lang='lat'>⁹⁷.</span> <span class='ocrx_word' id='word_1_203' title='bbox 649 3274 765 3356; x_wconf 92' lang='lat' dir='ltr'>Itaque</span> <span class='ocrx_word' id='word_1_204' title='bbox 781 3276 807 3336; x_wconf 89' lang='lat' dir='ltr'>si</span> <span class='ocrx_word' id='word_1_205' title='bbox 824 3275 905 3339; x_wconf 89' lang='lat' dir='ltr'>istae</span> <span class='ocrx_word' id='word_1_206' title='bbox 917 3275 1085 3338; x_wconf 89' lang='lat' dir='ltr'>doctrinae</span> <span class='ocrx_word' id='word_1_207' title='bbox 1100 3274 1198 3358; x_wconf 87' lang='lat' dir='ltr'>plane</span> <span class='ocrx_word' id='word_1_208' title='bbox 1213 3275 1316 3336; x_wconf 90' lang='lat' dir='ltr'>instar</span> <span class='ocrx_word' id='word_1_209' title='bbox 1332 3271 1466 3356; x_wconf 90' lang='lat' dir='ltr'>plantae</span> 
     </span>
    </p>
   </div>
   <div class='ocr_carea' id='block_1_5' title="bbox 312 3474 1470 4546">
    <p class='ocr_par' dir='ltr' id='par_1_6' title="bbox 312 3474 1467 3697">
     <span class='ocr_line' id='line_1_29' title="bbox 312 3474 1466 3547; baseline 0.001 -18"><span class='ocrx_word' id='word_1_210' title='bbox 312 3474 448 3530; x_wconf 87' lang='lat' dir='ltr'>disserere</span> <span class='ocrx_word' id='word_1_211' title='bbox 460 3476 604 3547; x_wconf 90' lang='lat' dir='ltr'>coepisse:</span> <span class='ocrx_word' id='word_1_212' title='bbox 624 3494 675 3532; x_wconf 91' lang='lat' dir='ltr'>nec</span> <span class='ocrx_word' id='word_1_213' title='bbox 688 3488 752 3547; x_wconf 90' lang='lat' dir='ltr'>post</span> <span class='ocrx_word' id='word_1_214' title='bbox 764 3477 899 3534; x_wconf 90' lang='lat' dir='ltr'>rationem</span> <span class='ocrx_word' id='word_1_215' title='bbox 912 3477 1081 3533; x_wconf 89' lang='lat' dir='ltr'>medicinam</span> <span class='ocrx_word' id='word_1_216' title='bbox 1093 3495 1156 3532; x_wconf 88' lang='lat' dir='ltr'>esse</span> <span class='ocrx_word' id='word_1_217' title='bbox 1170 3477 1324 3546; x_wconf 89' lang='lat' dir='ltr'>inventam,</span> <span class='ocrx_word' id='word_1_218' title='bbox 1338 3477 1389 3532; x_wconf 91' lang='lat' dir='ltr'>sed</span> <span class='ocrx_word' id='word_1_219' title='bbox 1403 3485 1466 3547; x_wconf 89' lang='lat' dir='ltr'>post</span> 
     </span>
     <span class='ocr_line' id='line_1_30' title="bbox 314 3557 1467 3632; baseline 0 -20"><span class='ocrx_word' id='word_1_220' title='bbox 314 3557 458 3614; x_wconf 85' lang='lat' dir='ltr'>inventam</span> <span class='ocrx_word' id='word_1_221' title='bbox 476 3559 645 3614; x_wconf 88' lang='lat' dir='ltr'>medicinam</span> <span class='ocrx_word' id='word_1_222' title='bbox 663 3560 801 3616; x_wconf 89' lang='lat' dir='ltr'>rationem</span> <span class='ocrx_word' id='word_1_223' title='bbox 819 3579 881 3616; x_wconf 90' lang='lat' dir='ltr'>esse</span> <span class='ocrx_word' id='word_1_224' title='bbox 900 3561 1072 3632; x_wconf 90' lang='lat' dir='ltr'>quaesitam.&#39;</span> <span class='ocrx_word' id='word_1_225' title='bbox 1110 3563 1208 3616; x_wconf 84' lang='lat' dir='ltr'>Celsus</span> <span class='ocrx_word' id='word_1_226' title='bbox 1227 3560 1263 3614; x_wconf 91' lang='lat' dir='ltr'>de</span> <span class='ocrx_word' id='word_1_227' title='bbox 1283 3562 1326 3615; x_wconf 91' lang='lat' dir='ltr'>Re</span> <span class='ocrx_word' id='word_1_228' title='bbox 1345 3559 1467 3614; x_wconf 89' lang='lat' dir='ltr'>Medica.</span> 
     </span>
     <span class='ocr_line' id='line_1_31' title="bbox 316 3640 463 3697; baseline 0 -1"><span class='ocrx_word' id='word_1_229' title='bbox 316 3640 463 3697; x_wconf 84' lang='lat' dir='ltr'>Praefatio.</span> 
     </span>
    </p>

    <p class='ocr_par' dir='ltr' id='par_1_7' title="bbox 315 3724 1469 4296">
     <span class='ocr_line' id='line_1_32' title="bbox 351 3724 1467 3796; baseline -0.001 -17"><span class='ocrx_word' id='word_1_230' title='bbox 351 3724 358 3751; x_wconf 94' lang='lat'>‘</span> <span class='ocrx_word' id='word_1_231' title='bbox 367 3728 422 3779; x_wconf 90' lang='lat' dir='ltr'>But</span> <span class='ocrx_word' id='word_1_232' title='bbox 432 3725 487 3780; x_wconf 90' lang='lat' dir='ltr'>this</span> <span class='ocrx_word' id='word_1_233' title='bbox 497 3726 625 3793; x_wconf 87' lang='lat' dir='ltr'>remark,&#39;</span> <span class='ocrx_word' id='word_1_234' title='bbox 636 3743 700 3796; x_wconf 89' lang='lat' dir='ltr'>says</span> <span class='ocrx_word' id='word_1_235' title='bbox 711 3729 764 3781; x_wconf 89' lang='lat' dir='ltr'>Mr.</span> <span class='ocrx_word' id='word_1_236' title='bbox 773 3726 853 3794; x_wconf 91' lang='lat' dir='ltr'>Ellis,</span> <span class='ocrx_word' id='word_1_237' title='bbox 863 3727 898 3781; x_wconf 91' lang='lat' dir='ltr'>‘is</span> <span class='ocrx_word' id='word_1_238' title='bbox 908 3735 957 3780; x_wconf 91' lang='lat' dir='ltr'>not</span> <span class='ocrx_word' id='word_1_239' title='bbox 967 3727 1051 3780; x_wconf 90' lang='lat' dir='ltr'>made</span> <span class='ocrx_word' id='word_1_240' title='bbox 1058 3727 1094 3796; x_wconf 91' lang='lat' dir='ltr'>by</span> <span class='ocrx_word' id='word_1_241' title='bbox 1103 3726 1201 3781; x_wconf 90' lang='lat' dir='ltr'>Celsus</span> <span class='ocrx_word' id='word_1_242' title='bbox 1211 3743 1242 3780; x_wconf 89' lang='lat' dir='ltr'>as</span> <span class='ocrx_word' id='word_1_243' title='bbox 1252 3726 1299 3781; x_wconf 91' lang='lat' dir='ltr'>the</span> <span class='ocrx_word' id='word_1_244' title='bbox 1307 3724 1467 3796; x_wconf 87' lang='lat' dir='ltr'>expression</span> 
     </span>
     <span class='ocr_line' id='line_1_33' title="bbox 317 3808 1468 3879; baseline 0 -17"><span class='ocrx_word' id='word_1_245' title='bbox 317 3809 349 3862; x_wconf 82' lang='lat' dir='ltr'>ot</span> <span class='ocrx_word' id='word_1_246' title='bbox 367 3808 410 3863; x_wconf 90' lang='lat' dir='ltr'>his</span> <span class='ocrx_word' id='word_1_247' title='bbox 430 3825 491 3862; x_wconf 91' lang='lat' dir='ltr'>own</span> <span class='ocrx_word' id='word_1_248' title='bbox 510 3809 641 3878; x_wconf 88' lang='lat' dir='ltr'>opinion;</span> <span class='ocrx_word' id='word_1_249' title='bbox 668 3827 705 3864; x_wconf 92' lang='lat' dir='ltr'>on</span> <span class='ocrx_word' id='word_1_250' title='bbox 723 3811 770 3864; x_wconf 91' lang='lat' dir='ltr'>the</span> <span class='ocrx_word' id='word_1_251' title='bbox 789 3821 919 3879; x_wconf 81' lang='lat' dir='ltr'>contrary</span> <span class='ocrx_word' id='word_1_252' title='bbox 937 3810 958 3864; x_wconf 95' lang='lat' dir='ltr'>it</span> <span class='ocrx_word' id='word_1_253' title='bbox 976 3826 1075 3864; x_wconf 88' lang='lat' dir='ltr'>occurs</span> <span class='ocrx_word' id='word_1_254' title='bbox 1093 3809 1121 3863; x_wconf 90' lang='lat' dir='ltr'>in</span> <span class='ocrx_word' id='word_1_255' title='bbox 1141 3810 1184 3863; x_wconf 91' lang='lat' dir='ltr'>his</span> <span class='ocrx_word' id='word_1_256' title='bbox 1203 3818 1352 3864; x_wconf 90' lang='lat' dir='ltr'>statement</span> <span class='ocrx_word' id='word_1_257' title='bbox 1370 3810 1402 3864; x_wconf 84' lang='lat' dir='ltr'>os</span> <span class='ocrx_word' id='word_1_258' title='bbox 1420 3809 1468 3864; x_wconf 90' lang='lat' dir='ltr'>the</span> 
     </span>
     <span class='ocr_line' id='line_1_34' title="bbox 315 3890 1468 3962; baseline 0 -17"><span class='ocrx_word' id='word_1_259' title='bbox 315 3890 398 3945; x_wconf 89' lang='lat' dir='ltr'>views</span> <span class='ocrx_word' id='word_1_260' title='bbox 417 3891 591 3946; x_wconf 91' lang='lat' dir='ltr'>entertained</span> <span class='ocrx_word' id='word_1_261' title='bbox 609 3893 647 3962; x_wconf 93' lang='lat' dir='ltr'>by</span> <span class='ocrx_word' id='word_1_262' title='bbox 665 3895 713 3947; x_wconf 86' lang='lat' dir='ltr'>the</span> <span class='ocrx_word' id='word_1_263' title='bbox 732 3893 875 3962; x_wconf 86' lang='lat' dir='ltr'>empirical</span> <span class='ocrx_word' id='word_1_264' title='bbox 897 3894 993 3947; x_wconf 89' lang='lat' dir='ltr'>school</span> <span class='ocrx_word' id='word_1_265' title='bbox 1015 3893 1046 3947; x_wconf 83' lang='lat' dir='ltr'>oi</span> <span class='ocrx_word' id='word_1_266' title='bbox 1065 3893 1213 3960; x_wconf 89' lang='lat' dir='ltr'>medicine,</span> <span class='ocrx_word' id='word_1_267' title='bbox 1232 3903 1261 3947; x_wconf 95' lang='lat' dir='ltr'>to</span> <span class='ocrx_word' id='word_1_268' title='bbox 1280 3893 1370 3947; x_wconf 90' lang='lat' dir='ltr'>which</span> <span class='ocrx_word' id='word_1_269' title='bbox 1389 3892 1426 3946; x_wconf 87' lang='lat' dir='ltr'>he</span> <span class='ocrx_word' id='word_1_270' title='bbox 1445 3891 1468 3945; x_wconf 90' lang='lat' dir='ltr'>is</span> 
     </span>
     <span class='ocr_line' id='line_1_35' title="bbox 316 3973 1468 4046; baseline 0 -18"><span class='ocrx_word' id='word_1_271' title='bbox 316 3973 463 4044; x_wconf 87' lang='lat' dir='ltr'>decidedly</span> <span class='ocrx_word' id='word_1_272' title='bbox 482 3976 614 4045; x_wconf 90' lang='lat' dir='ltr'>opposed.</span> <span class='ocrx_word' id='word_1_273' title='bbox 650 3976 713 4030; x_wconf 92' lang='lat' dir='ltr'>The</span> <span class='ocrx_word' id='word_1_274' title='bbox 729 3993 805 4030; x_wconf 89' lang='lat' dir='ltr'>error</span> <span class='ocrx_word' id='word_1_275' title='bbox 824 3975 855 4030; x_wconf 81' lang='lat' dir='ltr'>oi</span> <span class='ocrx_word' id='word_1_276' title='bbox 870 3976 956 4046; x_wconf 85' lang='lat' dir='ltr'>citing</span> <span class='ocrx_word' id='word_1_277' title='bbox 973 3978 1071 4031; x_wconf 88' lang='lat' dir='ltr'>Celsus</span> <span class='ocrx_word' id='word_1_278' title='bbox 1089 3994 1121 4031; x_wconf 91' lang='lat' dir='ltr'>as</span> <span class='ocrx_word' id='word_1_279' title='bbox 1140 3993 1176 4030; x_wconf 91' lang='lat' dir='ltr'>an</span> <span class='ocrx_word' id='word_1_280' title='bbox 1192 3975 1333 4045; x_wconf 91' lang='lat' dir='ltr'>authority</span> <span class='ocrx_word' id='word_1_281' title='bbox 1348 3975 1391 4030; x_wconf 81' lang='lat' dir='ltr'>ior</span> <span class='ocrx_word' id='word_1_282' title='bbox 1407 3975 1428 4028; x_wconf 94' lang='lat' dir='ltr'>it</span> <span class='ocrx_word' id='word_1_283' title='bbox 1445 3973 1468 4028; x_wconf 91' lang='lat' dir='ltr'>is</span> 
     </span>
     <span class='ocr_line' id='line_1_36' title="bbox 317 4057 1469 4129; baseline 0 -18"><span class='ocrx_word' id='word_1_284' title='bbox 317 4057 448 4128; x_wconf 88' lang='lat' dir='ltr'>repeated</span> <span class='ocrx_word' id='word_1_285' title='bbox 470 4057 498 4111; x_wconf 89' lang='lat' dir='ltr'>in</span> <span class='ocrx_word' id='word_1_286' title='bbox 521 4059 627 4113; x_wconf 89' lang='lat' dir='ltr'>several</span> <span class='ocrx_word' id='word_1_287' title='bbox 648 4068 726 4129; x_wconf 89' lang='lat' dir='ltr'>parts</span> <span class='ocrx_word' id='word_1_288' title='bbox 748 4058 780 4113; x_wconf 82' lang='lat' dir='ltr'>oi</span> <span class='ocrx_word' id='word_1_289' title='bbox 800 4061 919 4114; x_wconf 91' lang='lat' dir='ltr'>Bacon&#39;s</span> <span class='ocrx_word' id='word_1_290' title='bbox 942 4060 1049 4114; x_wconf 83' lang='lat' dir='ltr'>works’</span> <span class='ocrx_word' id='word_1_291' title='bbox 1087 4061 1142 4114; x_wconf 63' lang='grc' dir='ltr'>ΜΓ.</span> <span class='ocrx_word' id='word_1_292' title='bbox 1165 4059 1311 4129; x_wconf 88' lang='lat' dir='ltr'>Spedding</span> <span class='ocrx_word' id='word_1_293' title='bbox 1334 4058 1419 4113; x_wconf 81' lang='lat' dir='ltr'>refers</span> <span class='ocrx_word' id='word_1_294' title='bbox 1440 4068 1469 4112; x_wconf 91' lang='lat' dir='ltr'>to</span> 
     </span>
     <span class='ocr_line' id='line_1_37' title="bbox 317 4141 1468 4211; baseline 0.002 -17"><span class='ocrx_word' id='word_1_295' title='bbox 317 4143 363 4195; x_wconf 89' lang='lat' dir='ltr'>De</span> <span class='ocrx_word' id='word_1_296' title='bbox 381 4141 555 4209; x_wconf 86' lang='lat' dir='ltr'>Augmentis,</span> <span class='ocrx_word' id='word_1_297' title='bbox 574 4159 600 4196; x_wconf 87' lang='lat' dir='ltr'>v.</span> <span class='ocrx_word' id='word_1_298' title='bbox 620 4157 644 4194; x_wconf 85' lang='lat'>2.</span> <span class='ocrx_word' id='word_1_299' title='bbox 682 4142 772 4196; x_wconf 90' lang='lat' dir='ltr'>Other</span> <span class='ocrx_word' id='word_1_300' title='bbox 789 4144 884 4211; x_wconf 88' lang='lat' dir='ltr'>places</span> <span class='ocrx_word' id='word_1_301' title='bbox 905 4161 952 4196; x_wconf 87' lang='lat' dir='ltr'>are</span> <span class='ocrx_word' id='word_1_302' title='bbox 970 4141 1098 4197; x_wconf 88' lang='lat' dir='ltr'>Valerius</span> <span class='ocrx_word' id='word_1_303' title='bbox 1120 4143 1269 4196; x_wconf 89' lang='lat' dir='ltr'>Terminus</span> <span class='ocrx_word' id='word_1_304' title='bbox 1289 4143 1334 4211; x_wconf 87' lang='lat' dir='ltr'>(E.</span> <span class='ocrx_word' id='word_1_305' title='bbox 1353 4141 1411 4196; x_wconf 90' lang='lat' dir='ltr'>and</span> <span class='ocrx_word' id='word_1_306' title='bbox 1430 4143 1468 4206; x_wconf 90' lang='lat' dir='ltr'>S.,</span> 
     </span>
     <span class='ocr_line' id='line_1_38' title="bbox 317 4223 1369 4296; baseline 0.002 -20"><span class='ocrx_word' id='word_1_307' title='bbox 317 4224 371 4278; x_wconf 91' lang='lat' dir='ltr'>vol.</span> <span class='ocrx_word' id='word_1_308' title='bbox 385 4223 422 4277; x_wconf 92' lang='lat' dir='ltr'>iii.</span> <span class='ocrx_word' id='word_1_309' title='bbox 435 4241 463 4293; x_wconf 89' lang='lat' dir='ltr'>p.</span> <span class='ocrx_word' id='word_1_310' title='bbox 477 4225 539 4292; x_wconf 87' lang='lat'>232)</span> <span class='ocrx_word' id='word_1_311' title='bbox 554 4225 609 4279; x_wconf 91' lang='lat' dir='ltr'>and</span> <span class='ocrx_word' id='word_1_312' title='bbox 623 4225 670 4279; x_wconf 90' lang='lat' dir='ltr'>the</span> <span class='ocrx_word' id='word_1_313' title='bbox 683 4225 856 4294; x_wconf 85' lang='lat' dir='ltr'>Redargutio</span> <span class='ocrx_word' id='word_1_314' title='bbox 871 4225 1113 4296; x_wconf 83' lang='lat' dir='ltr'>Philosophiamm</span> <span class='ocrx_word' id='word_1_315' title='bbox 1127 4225 1193 4293; x_wconf 87' lang='lat' dir='ltr'>(vol.</span> <span class='ocrx_word' id='word_1_316' title='bbox 1207 4225 1244 4280; x_wconf 91' lang='lat' dir='ltr'>iii.</span> <span class='ocrx_word' id='word_1_317' title='bbox 1257 4242 1283 4295; x_wconf 91' lang='lat' dir='ltr'>p.</span> <span class='ocrx_word' id='word_1_318' title='bbox 1299 4224 1369 4294; x_wconf 84' lang='lat'>578).</span> 
     </span>
    </p>

    <p class='ocr_par' dir='ltr' id='par_1_8' title="bbox 352 4304 998 4382">
     <span class='ocr_line' id='line_1_39' title="bbox 352 4304 998 4382; baseline 0.005 -23"><span class='ocrx_word' id='word_1_319' title='bbox 352 4304 374 4336; x_wconf 82' lang='lat'>⁹⁶</span> <span class='ocrx_word' id='word_1_320' title='bbox 395 4307 446 4376; x_wconf 88' lang='lat' dir='ltr'>Cp.</span> <span class='ocrx_word' id='word_1_321' title='bbox 458 4307 602 4360; x_wconf 88' lang='lat' dir='ltr'>note60n</span> <span class='ocrx_word' id='word_1_322' title='bbox 615 4309 690 4378; x_wconf 86' lang='lat' dir='ltr'>Aph.</span> <span class='ocrx_word' id='word_1_323' title='bbox 704 4320 727 4377; x_wconf 83' lang='lat'>5.</span> <span class='ocrx_word' id='word_1_324' title='bbox 993 4373 998 4382; x_wconf 22' lang='lat'><em>⁴</em></span> 
     </span>
    </p>

    <p class='ocr_par' dir='ltr' id='par_1_9' title="bbox 320 4385 1470 4546">
     <span class='ocr_line' id='line_1_40' title="bbox 354 4385 1470 4461; baseline 0.001 -19"><span class='ocrx_word' id='word_1_325' title='bbox 354 4385 375 4418; x_wconf 76' lang='lat'>⁹⁷</span> <span class='ocrx_word' id='word_1_326' title='bbox 394 4389 465 4443; x_wconf 87' lang='lat' dir='ltr'>This</span> <span class='ocrx_word' id='word_1_327' title='bbox 478 4388 501 4444; x_wconf 90' lang='lat' dir='ltr'>is</span> <span class='ocrx_word' id='word_1_328' title='bbox 514 4406 568 4444; x_wconf 91' lang='lat' dir='ltr'>one</span> <span class='ocrx_word' id='word_1_329' title='bbox 581 4391 612 4444; x_wconf 82' lang='lat' dir='ltr'>of</span> <span class='ocrx_word' id='word_1_330' title='bbox 623 4391 744 4445; x_wconf 89' lang='lat' dir='ltr'>Bacon&#39;s</span> <span class='ocrx_word' id='word_1_331' title='bbox 756 4391 887 4461; x_wconf 89' lang='lat' dir='ltr'>happiest</span> <span class='ocrx_word' id='word_1_332' title='bbox 898 4392 1039 4460; x_wconf 84' lang='lat' dir='ltr'>thoughts.</span> <span class='ocrx_word' id='word_1_333' title='bbox 1078 4393 1090 4445; x_wconf 94' lang='lat'><em>1</em></span> <span class='ocrx_word' id='word_1_334' title='bbox 1105 4409 1170 4461; x_wconf 90' lang='lat' dir='ltr'>may</span> <span class='ocrx_word' id='word_1_335' title='bbox 1182 4390 1240 4446; x_wconf 90' lang='lat' dir='ltr'>add</span> <span class='ocrx_word' id='word_1_336' title='bbox 1253 4391 1323 4459; x_wconf 89' lang='lat' dir='ltr'>that,</span> <span class='ocrx_word' id='word_1_337' title='bbox 1336 4389 1359 4444; x_wconf 87' lang='lat' dir='ltr'>ii</span> <span class='ocrx_word' id='word_1_338' title='bbox 1373 4390 1402 4444; x_wconf 93' lang='lat' dir='ltr'>in</span> <span class='ocrx_word' id='word_1_339' title='bbox 1415 4407 1470 4459; x_wconf 90' lang='lat' dir='ltr'>any</span> 
     </span>
     <span class='ocr_line' id='line_1_41' title="bbox 320 4470 1470 4546; baseline 0 -19"><span class='ocrx_word' id='word_1_340' title='bbox 320 4470 427 4541; x_wconf 88' lang='lat' dir='ltr'>subject</span> <span class='ocrx_word' id='word_1_341' title='bbox 445 4489 487 4526; x_wconf 91' lang='lat' dir='ltr'>we</span> <span class='ocrx_word' id='word_1_342' title='bbox 505 4473 578 4526; x_wconf 84' lang='lat' dir='ltr'>have</span> <span class='ocrx_word' id='word_1_343' title='bbox 597 4491 614 4527; x_wconf 90' lang='lat' dir='ltr'>a</span> <span class='ocrx_word' id='word_1_344' title='bbox 629 4491 705 4529; x_wconf 84' lang='lat' dir='ltr'>mere</span> <span class='ocrx_word' id='word_1_345' title='bbox 722 4474 859 4546; x_wconf 81' lang='lat' dir='ltr'>variation</span> <span class='ocrx_word' id='word_1_346' title='bbox 875 4474 907 4528; x_wconf 83' lang='lat' dir='ltr'>os</span> <span class='ocrx_word' id='word_1_347' title='bbox 922 4474 1044 4545; x_wconf 90' lang='lat' dir='ltr'>opinion,</span> <span class='ocrx_word' id='word_1_348' title='bbox 1064 4474 1180 4530; x_wconf 87' lang='lat' dir='ltr'>without</span> <span class='ocrx_word' id='word_1_349' title='bbox 1199 4473 1316 4545; x_wconf 82' lang='lat' dir='ltr'>growth,</span> <span class='ocrx_word' id='word_1_350' title='bbox 1331 4473 1352 4527; x_wconf 90' lang='lat' dir='ltr'>it</span> <span class='ocrx_word' id='word_1_351' title='bbox 1370 4489 1470 4542; x_wconf 90' lang='lat' dir='ltr'>proves</span> 
     </span>
    </p>
   </div>
   <div class='ocr_carea' id='block_1_6' title="bbox 0 0 1702 5152">
    <p class='ocr_par' dir='ltr' id='par_1_10' title="bbox 0 0 1702 5152">
     <span class='ocr_line' id='line_1_42' title="bbox 0 0 1702 5152; baseline 0 0"><span class='ocrx_word' id='word_1_352' title='bbox 0 0 1702 5152; x_wconf 95' lang='lat' dir='ltr'> </span> 
     </span>
    </p>
   </div>
  </div>
 </body>
</html>
