3344 5152
293 373 353 441 174
467 365 470 372 “
633 367 907 424 DISTRIBUTIO
931 368 1089 424 OPERIS.

291 528 415 594 Sensus
447 530 534 594 enim
562 530 680 596 fallunt
710 533 833 615 utique,
855 534 915 597 sed
945 543 979 598 et
1009 555 1133 598 errores
1165 555 1242 598 suos
1273 535 1438 599 indicant:

290 655 403 698 verum
427 656 551 701 errores
575 648 716 720 praesto,
732 638 853 702 indicia
874 660 991 703 eorum
1014 639 1112 722 longe
1135 639 1241 721 petita
1263 650 1351 702 sunt.

336 738 472 822 Duplex
493 751 605 805 autem
621 752 671 805 est
687 762 801 805 sensus
815 742 931 828 culpa:
954 753 1013 806 aut
1032 744 1119 808 enim
1140 744 1290 807 destituit
1306 764 1366 806 nos
1382 753 1439 805 aut

292 844 425 927 decipit.
471 843 560 908 Nam
584 845 700 928 primo,
718 845 879 929 plurimae
901 856 976 909 sunt
1001 867 1051 910 res
1074 867 1159 928 quae
1181 867 1313 910 sensum
1337 847 1438 910 etiam

292 957 379 1012 recte
406 949 603 1032 dispositum
634 970 694 1014 nec
721 949 790 1012 ullo
815 951 917 1013 modo
945 951 1143 1033 impeditum
1170 951 1351 1034 effugiunt3
1382 961 1440 1014 aut

291 1054 474 1118 subtilitate
496 1054 598 1118 totius
620 1055 774 1138 corporis
790 1065 848 1119 aut
870 1056 1012 1136 partium
1036 1055 1191 1132 minutiis,
1207 1067 1265 1119 aut
1289 1056 1352 1119 loci
1375 1056 1440 1118 dis·

292 1158 405 1234 tantia,
421 1169 478 1222 aut
494 1156 651 1223 tarditate
666 1169 767 1241 atque
783 1159 884 1222 etiam
899 1158 1075 1223 velocitate
1090 1169 1209 1238 motuS,
1225 1169 1282 1224 aut
1301 1158 1439 1232 familia·

293 1263 389 1325 ritate
410 1262 541 1344 objecti,
557 1272 615 1327 aut
635 1264 716 1327 alias
738 1264 783 1327 ob
803 1283 929 1327 causas.
975 1263 1093 1346 Neque
1113 1284 1229 1341 rursus,
1249 1263 1306 1326 ubi
1327 1283 1440 1326 sensus

293 1387 363 1430 rem
387 1375 488 1444 tenet,
511 1367 744 1449 prehensiones
772 1368 842 1450 ejus
868 1369 1050 1431 admodum
1076 1367 1190 1432 firmae
1216 1379 1301 1431 sunt.
1349 1367 1439 1430 Nam

293 1471 520 1536 testimonium
550 1482 584 1536 et
615 1472 801 1538 informatio
830 1492 944 1536 sensus
973 1493 1103 1555 semper
1132 1483 1182 1537 est
1212 1494 1256 1536 ex
1287 1471 1440 1555 analogia

292 1575 445 1652 hominis,
473 1596 538 1640 non
569 1597 613 1640 ex
643 1576 794 1660 analogia
825 1576 984 1639 universi:
1022 1586 1125 1658 atque
1154 1595 1277 1657 magno
1307 1596 1440 1659 prorsus

293 1700 401 1744 errore
423 1681 586 1756 asseritur,
602 1701 734 1746 sensum
755 1700 827 1744 esse
850 1701 1035 1744 mensuram
1059 1699 1177 1743 rerum.

337 1785 455 1867 Itaque
489 1795 525 1849 ut
558 1784 609 1848 his
642 1793 837 1860 occurratur,
861 1804 920 1847 nos
955 1783 1060 1847 multo
1091 1793 1124 1848 et
1155 1783 1223 1848 fido
1258 1784 1437 1847 ministerio

292 1889 419 1953 auxilia
456 1889 565 1952 sensui
602 1889 745 1970 undique
783 1888 1039 1969 conquisivimus
1071 1897 1106 1952 et
1138 1889 1373 1964 contraximus,
1404 1898 1441 1950 ut

295 1992 565 2057 destitutionibus
577 1991 835 2068 substitutiones,
846 1992 1083 2056 variationibus
1099 1992 1349 2057 rectificationes
1364 2012 1442 2074 sup-

293 2098 492 2179 peditentur.
538 2096 656 2178 Neque
678 2097 712 2160 id
735 2097 890 2162 molimur
911 2106 982 2160 tam
1004 2097 1230 2160 instrumentis
1253 2117 1354 2179 quam
1378 2117 1439 2160 ex·

293 2201 491 2283 perimentis.
515 2199 648 2264 Etenim
663 2201 964 2283 experimentorum
978 2200 1076 2284 longe
1089 2199 1194 2282 major
1208 2212 1258 2265 est
1274 2200 1440 2264 subtilitas

293 2326 394 2388 quam
410 2326 523 2369 sensus
539 2304 650 2387 ipsius,
663 2304 739 2368 licet
754 2305 978 2369 instrumentis
993 2305 1169 2388 exquisitis
1185 2305 1306 2387 adjuti;
1329 2301 1385 2390 (de
1402 2305 1440 2367 iis

295 2409 460 2491 loquimur
476 2409 720 2492 experimentis,
736 2429 821 2491 quae
839 2409 881 2472 ad
902 2409 1118 2474 intentionem
1138 2409 1209 2491 ejus
1229 2411 1320 2492 quod
1340 2429 1441 2490 quae-

295 2513 375 2576 ritur
395 2513 499 2595 perite
521 2523 553 2577 et
574 2514 755 2577 secundum
776 2523 881 2578 artem
903 2515 1094 2596 excogitata
1115 2525 1148 2577 et
1170 2515 1324 2597 apposita
1344 2510 1442 2596 sunt).

296 2616 413 2698 Itaque
429 2617 632 2700 perceptioni
644 2638 757 2682 sensus
770 2618 980 2683 immediatae
995 2639 1034 2683 ac
1049 2619 1202 2701 propriae
1219 2639 1284 2681 non
1302 2616 1442 2680 multum

293 2721 486 2785 tribuimus:
511 2722 568 2784 sed
585 2741 625 2785 eo
640 2742 710 2785 rem
730 2722 932 2796 deducimus,
949 2734 985 2786 ut
1004 2743 1118 2786 sensus
1132 2731 1264 2786 tantum
1281 2723 1323 2785 de
1339 2741 1442 2803 expe·

294 2825 444 2902 rimento,
468 2825 732 2908 experimentum
759 2827 802 2889 de
828 2847 863 2890 re
884 2825 1022 2908 judicet.
1069 2825 1182 2909 Quare
1210 2827 1442 2890 existimamus

295 2949 356 2991 nos
371 2948 484 2991 sensus
496 2924 530 3011 (a
546 2949 612 3010 quo
628 2930 738 2992 omnia
755 2929 787 2992 in
803 2928 1006 2994 naturalibus
1022 2931 1164 3012 petenda
1180 2942 1265 3005 sunt,
1281 2930 1341 2992 nisi
1357 2929 1442 2992 sorte

295 3032 397 3097 libeat
423 3027 576 3115 insanire)
599 3034 762 3098 antistites
789 3034 969 3116 religiosos,
993 3045 1025 3098 et
1050 3034 1258 3099 oraculorum
1284 3034 1353 3116 ejus
1377 3054 1442 3096 non

297 3136 468 3219 imperitos
485 3137 686 3220 interpretes,
703 3158 762 3201 nos
778 3139 998 3221 praestitisse:
1022 3149 1057 3202 ut
1074 3138 1129 3202 alii
1146 3138 1346 3222 professione
1362 3159 1444 3220 qua-

297 3240 384 3316 dam,
406 3260 466 3302 nos
491 3260 526 3303 re
551 3242 630 3324 ipsa,
651 3262 784 3305 sensum
808 3243 890 3306 tueri
913 3263 952 3306 ac
974 3241 1083 3308 colere
1105 3243 1284 3306 videamur.
1328 3242 1444 3324 Atque

296 3341 486 3423 hujusmodi
516 3355 592 3407 sunt
622 3366 661 3409 ea
687 3366 772 3427 quae
797 3348 840 3410 ad
868 3346 978 3410 lumen
1006 3347 1114 3429 ipsum
1147 3358 1283 3411 naturae
1309 3347 1444 3429 ejusque

296 3447 523 3511 accensionem
546 3459 580 3513 et
603 3449 838 3513 immissionem
854 3470 1028 3533 paramus:
1051 3471 1137 3532 quae
1159 3471 1275 3534 perse
1298 3451 1444 3515 sufficere

297 3560 442 3634 possent,
472 3551 499 3613 si
534 3551 718 3616 intellectus
750 3553 913 3618 humanus
947 3574 1071 3636 aequus
1106 3563 1139 3617 et
1173 3555 1275 3618 instar
1311 3552 1445 3618 tabulae

296 3655 433 3719 abrasae
456 3665 552 3720 esset.
598 3654 665 3720 Sed
686 3676 762 3719 cum
785 3667 909 3720 mentes
929 3658 1099 3722 hominum
1123 3659 1212 3721 miris
1234 3659 1340 3722 modis
1360 3658 1445 3721 adeo

297 3758 450 3822 obsessae
465 3761 530 3823 sint
548 3769 585 3823 ut
604 3758 648 3823 ad
663 3779 758 3823 veros
779 3781 886 3823 rerum
909 3763 1018 3825 radios
1038 3763 1253 3845 excipiendos
1271 3763 1396 3826 sincera
1412 3773 1445 3824 et

297 3861 402 3944 polita
431 3884 507 3926 area
537 3884 668 3945 prorsus
697 3864 792 3942 desit,
819 3866 993 3930 necessitas
1023 3867 1188 3948 quaedam
1220 3867 1379 3931 incumbit
1409 3875 1446 3928 ut

297 3967 399 4030 etiam
414 3966 489 4031 huic
506 3969 552 4032 rei
569 3968 749 4032 remedium
765 3971 989 4051 quaerendum
1007 3990 1078 4034 esse
1094 3981 1259 4054 putemus.

341 4068 435 4133 Idola
458 4080 570 4134 autem
593 4093 613 4134 a
635 4072 755 4153 quibus
778 4084 958 4155 occupatur
981 4094 1083 4150 mens,
1098 4075 1151 4138 vel
1170 4075 1349 4140 Adscititia
1371 4083 1446 4137 sunt

297 4172 349 4236 vel
366 4173 495 4238 Innata.
540 4173 720 4240 Adscititia
735 4197 814 4240 vero
831 4176 1061 4261 immigrarunt
1076 4179 1107 4242 in
1124 4189 1250 4244 mentes
1265 4171 1446 4252 hominum,

297 4277 349 4339 vel
365 4297 408 4340 ex
425 4277 696 4362 philosophorum
712 4280 843 4362 placitis
858 4291 891 4344 et
907 4283 1004 4346 sectis
1020 4283 1071 4346 vel
1087 4265 1305 4366 ex'perversis
1320 4282 1448 4364 legibus

299 4381 627 4446 demonstrationum.
674 4384 725 4448 At
745 4383 864 4448 Innata
885 4384 1055 4450 inhaerent
1074 4395 1211 4450 naturae
1232 4386 1333 4469 ipsius
1355 4385 1447 4449 intel-

299 4483 411 4562 lectus,
435 4485 491 4567 qui
521 4487 564 4550 ad
591 4507 732 4551 errorem
760 4487 856 4571 longe
886 4489 1061 4573 proclivior
1090 4511 1162 4554 esse
1192 4489 1448 4573 deprehenditur
