<?xml version="1.0" encoding="UTF-8"?>
<!DOCTYPE html PUBLIC "-//W3C//DTD XHTML 1.0 Transitional//EN"
    "http://www.w3.org/TR/xhtml1/DTD/xhtml1-transitional.dtd">
<html xmlns="http://www.w3.org/1999/xhtml" xml:lang="en" lang="en">
 <head>
  <title>
</title>
<meta http-equiv="Content-Type" content="text/html;charset=utf-8" />
  <meta name='ocr-system' content='tesseract 3.04.00' />
  <meta name='ocr-capabilities' content='ocr_page ocr_carea ocr_par ocr_line ocrx_word'/>
</head>
<body>
  <div class='ocr_page' id='page_1' title='image "./baconsnovumorga00bacogoog/baconsnovumorga00bacogoog_0242.png"; bbox 0 0 3344 5152; ppageno 0'>
   <div class='ocr_carea' id='block_1_1' title="bbox 665 395 1388 488">
    <p class='ocr_par' dir='ltr' id='par_1_1' title="bbox 665 395 1388 488">
     <span class='ocr_line' id='line_1_1' title="bbox 665 395 1388 488; baseline 0.01 -31"><span class='ocrx_word' id='word_1_1' title='bbox 665 402 746 459; x_wconf 86' lang='lat' dir='ltr'><strong>LIB.</strong></span> <span class='ocrx_word' id='word_1_2' title='bbox 769 404 796 458; x_wconf 88' lang='lat' dir='ltr'><strong>I.</strong></span> <span class='ocrx_word' id='word_1_3' title='bbox 819 395 957 481; x_wconf 83' lang='lat'><strong>38-39.</strong></span> <span class='ocrx_word' id='word_1_4' title='bbox 1326 421 1388 488; x_wconf 81' lang='lat'><strong>213</strong></span> 
     </span>
    </p>
   </div>
   <div class='ocr_carea' id='block_1_2' title="bbox 235 566 1388 1068">
    <p class='ocr_par' dir='ltr' id='par_1_2' title="bbox 235 566 1388 1068">
     <span class='ocr_line' id='line_1_2' title="bbox 237 566 1388 650; baseline 0.005 -20"><span class='ocrx_word' id='word_1_5' title='bbox 237 579 448 650; x_wconf 91' lang='lat' dir='ltr'><strong>occuparunt,</strong></span> <span class='ocrx_word' id='word_1_6' title='bbox 472 576 573 649; x_wconf 92' lang='lat' dir='ltr'><strong>atque</strong></span> <span class='ocrx_word' id='word_1_7' title='bbox 605 567 637 630; x_wconf 89' lang='lat' dir='ltr'><strong>in</strong></span> <span class='ocrx_word' id='word_1_8' title='bbox 670 589 711 632; x_wconf 91' lang='lat' dir='ltr'><strong>eo</strong></span> <span class='ocrx_word' id='word_1_9' title='bbox 744 566 811 632; x_wconf 92' lang='lat' dir='ltr'><strong>alte</strong></span> <span class='ocrx_word' id='word_1_10' title='bbox 843 568 990 647; x_wconf 87' lang='lat' dir='ltr'>haerent,</span> <span class='ocrx_word' id='word_1_11' title='bbox 1017 590 1083 632; x_wconf 93' lang='lat' dir='ltr'><strong>non</strong></span> <span class='ocrx_word' id='word_1_12' title='bbox 1120 569 1228 634; x_wconf 90' lang='lat' dir='ltr'><strong>solum</strong></span> <span class='ocrx_word' id='word_1_13' title='bbox 1262 584 1388 636; x_wconf 87' lang='lat' dir='ltr'><strong>mentes</strong></span> 
     </span>
     <span class='ocr_line' id='line_1_3' title="bbox 236 671 1387 760; baseline 0.005 -25"><span class='ocrx_word' id='word_1_14' title='bbox 236 671 408 735; x_wconf 90' lang='lat' dir='ltr'><strong>hominum</strong></span> <span class='ocrx_word' id='word_1_15' title='bbox 440 672 487 735; x_wconf 91' lang='lat' dir='ltr'><strong>ita</strong></span> <span class='ocrx_word' id='word_1_16' title='bbox 517 671 680 746; x_wconf 88' lang='lat' dir='ltr'><strong>obsident,</strong></span> <span class='ocrx_word' id='word_1_17' title='bbox 708 681 744 735; x_wconf 92' lang='lat' dir='ltr'><strong>ut</strong></span> <span class='ocrx_word' id='word_1_18' title='bbox 774 673 904 736; x_wconf 88' lang='lat' dir='ltr'><strong>veritati</strong></span> <span class='ocrx_word' id='word_1_19' title='bbox 935 675 1045 738; x_wconf 92' lang='lat' dir='ltr'><strong>aditus</strong></span> <span class='ocrx_word' id='word_1_20' title='bbox 1078 673 1220 740; x_wconf 86' lang='lat' dir='ltr'><strong>difficilis</strong></span> <span class='ocrx_word' id='word_1_21' title='bbox 1253 686 1387 760; x_wconf 75' lang='lat' dir='ltr'><strong>pateat,</strong></span> 
     </span>
     <span class='ocr_line' id='line_1_4' title="bbox 236 775 1388 862; baseline 0.004 -24"><span class='ocrx_word' id='word_1_22' title='bbox 236 776 294 838; x_wconf 90' lang='lat' dir='ltr'><strong>sed</strong></span> <span class='ocrx_word' id='word_1_23' title='bbox 320 775 421 839; x_wconf 90' lang='lat' dir='ltr'><strong>etiam</strong></span> <span class='ocrx_word' id='word_1_24' title='bbox 446 776 527 838; x_wconf 92' lang='lat' dir='ltr'><strong>dato</strong></span> <span class='ocrx_word' id='word_1_25' title='bbox 550 783 583 838; x_wconf 92' lang='lat' dir='ltr'><strong>et</strong></span> <span class='ocrx_word' id='word_1_26' title='bbox 605 795 760 840; x_wconf 89' lang='lat' dir='ltr'><strong>concesso</strong></span> <span class='ocrx_word' id='word_1_27' title='bbox 779 778 886 851; x_wconf 83' lang='lat' dir='ltr'><strong>aditu,</strong></span> <span class='ocrx_word' id='word_1_28' title='bbox 903 777 958 840; x_wconf 92' lang='lat' dir='ltr'><strong>illa</strong></span> <span class='ocrx_word' id='word_1_29' title='bbox 982 798 1091 841; x_wconf 90' lang='lat' dir='ltr'><strong>rursus</strong></span> <span class='ocrx_word' id='word_1_30' title='bbox 1113 779 1146 841; x_wconf 95' lang='lat' dir='ltr'><strong>in</strong></span> <span class='ocrx_word' id='word_1_31' title='bbox 1171 779 1242 862; x_wconf 91' lang='lat' dir='ltr'><strong>ipsa</strong></span> <span class='ocrx_word' id='word_1_32' title='bbox 1265 780 1388 844; x_wconf 90' lang='lat' dir='ltr'><strong>instau-</strong></span> 
     </span>
     <span class='ocr_line' id='line_1_5' title="bbox 236 879 1387 959; baseline 0.008 -19"><span class='ocrx_word' id='word_1_33' title='bbox 236 879 361 942; x_wconf 85' lang='lat' dir='ltr'><strong>ratione</strong></span> <span class='ocrx_word' id='word_1_34' title='bbox 383 879 592 943; x_wconf 88' lang='lat' dir='ltr'><strong>scientiarum</strong></span> <span class='ocrx_word' id='word_1_35' title='bbox 615 891 786 946; x_wconf 90' lang='lat' dir='ltr'><strong>occurrent</strong></span> <span class='ocrx_word' id='word_1_36' title='bbox 804 890 837 944; x_wconf 97' lang='lat' dir='ltr'><strong>et</strong></span> <span class='ocrx_word' id='word_1_37' title='bbox 856 880 997 945; x_wconf 91' lang='lat' dir='ltr'><strong>molesta</strong></span> <span class='ocrx_word' id='word_1_38' title='bbox 1016 892 1132 959; x_wconf 90' lang='lat' dir='ltr'><strong>erunt;</strong></span> <span class='ocrx_word' id='word_1_39' title='bbox 1156 883 1217 946; x_wconf 91' lang='lat' dir='ltr'><strong>nisi</strong></span> <span class='ocrx_word' id='word_1_40' title='bbox 1237 883 1387 949; x_wconf 87' lang='lat' dir='ltr'><strong>homines</strong></span> 
     </span>
     <span class='ocr_line' id='line_1_6' title="bbox 235 983 1290 1068; baseline 0.003 -23"><span class='ocrx_word' id='word_1_41' title='bbox 235 983 432 1064; x_wconf 85' lang='lat' dir='ltr'><strong>praemoniti</strong></span> <span class='ocrx_word' id='word_1_42' title='bbox 448 985 603 1048; x_wconf 90' lang='lat' dir='ltr'><strong>adversus</strong></span> <span class='ocrx_word' id='word_1_43' title='bbox 620 1005 659 1048; x_wconf 89' lang='lat' dir='ltr'><strong>ea</strong></span> <span class='ocrx_word' id='word_1_44' title='bbox 674 1005 718 1062; x_wconf 91' lang='lat' dir='ltr'><strong>se,</strong></span> <span class='ocrx_word' id='word_1_45' title='bbox 734 995 895 1068; x_wconf 92' lang='lat' dir='ltr'><strong>quantum</strong></span> <span class='ocrx_word' id='word_1_46' title='bbox 911 985 980 1049; x_wconf 88' lang='lat' dir='ltr'><strong>fieri</strong></span> <span class='ocrx_word' id='word_1_47' title='bbox 995 996 1114 1068; x_wconf 88' lang='lat' dir='ltr'><strong>potest,</strong></span> <span class='ocrx_word' id='word_1_48' title='bbox 1131 987 1290 1051; x_wconf 89' lang='lat' dir='ltr'><strong>muniant.</strong></span> 
     </span>
    </p>
   </div>
   <div class='ocr_carea' id='block_1_3' title="bbox 729 1147 897 1211">
    <p class='ocr_par' dir='ltr' id='par_1_3' title="bbox 729 1147 897 1211">
     <span class='ocr_line' id='line_1_7' title="bbox 729 1147 897 1211; baseline 0 0"><span class='ocrx_word' id='word_1_49' title='bbox 729 1147 897 1211; x_wconf 92' lang='lat' dir='ltr'><strong>XXXIX.</strong></span> 
     </span>
    </p>
   </div>
   <div class='ocr_carea' id='block_1_4' title="bbox 233 1268 1386 1664">
    <p class='ocr_par' dir='ltr' id='par_1_4' title="bbox 233 1268 1386 1664">
     <span class='ocr_line' id='line_1_8' title="bbox 279 1268 1386 1353; baseline 0.006 -23"><span class='ocrx_word' id='word_1_50' title='bbox 279 1268 431 1350; x_wconf 85' lang='lat' dir='ltr'><strong>Quatuor</strong></span> <span class='ocrx_word' id='word_1_51' title='bbox 468 1278 543 1333; x_wconf 88' lang='lat' dir='ltr'><strong>sunt</strong></span> <span class='ocrx_word' id='word_1_52' title='bbox 580 1289 701 1351; x_wconf 91' lang='lat' dir='ltr'><strong>genera</strong></span> <span class='ocrx_word' id='word_1_53' title='bbox 738 1270 906 1347; x_wconf 84' lang='lat' dir='ltr'><strong>idolorum,</strong></span> <span class='ocrx_word' id='word_1_54' title='bbox 937 1290 1021 1353; x_wconf 89' lang='lat' dir='ltr'><strong>quae</strong></span> <span class='ocrx_word' id='word_1_55' title='bbox 1060 1280 1187 1334; x_wconf 88' lang='lat' dir='ltr'><strong>mentes</strong></span> <span class='ocrx_word' id='word_1_56' title='bbox 1224 1271 1386 1337; x_wconf 90' lang='lat' dir='ltr'><strong>humanas</strong></span> 
     </span>
     <span class='ocr_line' id='line_1_9' title="bbox 234 1371 1386 1458; baseline 0.004 -22"><span class='ocrx_word' id='word_1_57' title='bbox 234 1373 396 1437; x_wconf 90' lang='lat' dir='ltr'><strong>obsident.</strong></span> <span class='ocrx_word' id='word_1_58' title='bbox 456 1373 500 1437; x_wconf 90' lang='lat' dir='ltr'><strong>Iis</strong></span> <span class='ocrx_word' id='word_1_59' title='bbox 538 1371 692 1456; x_wconf 91' lang='lat' dir='ltr'><strong>(docendi</strong></span> <span class='ocrx_word' id='word_1_60' title='bbox 732 1371 854 1458; x_wconf 84' lang='lat' dir='ltr'><strong>gratia)</strong></span> <span class='ocrx_word' id='word_1_61' title='bbox 894 1375 1027 1437; x_wconf 90' lang='lat' dir='ltr'><strong>nomina</strong></span> <span class='ocrx_word' id='word_1_62' title='bbox 1068 1374 1303 1458; x_wconf 89' lang='lat' dir='ltr'><strong>imposuimus:</strong></span> <span class='ocrx_word' id='word_1_63' title='bbox 1349 1388 1386 1441; x_wconf 94' lang='lat' dir='ltr'><strong>ut</strong></span> 
     </span>
     <span class='ocr_line' id='line_1_10' title="bbox 233 1477 1385 1560; baseline 0.005 -22"><span class='ocrx_word' id='word_1_64' title='bbox 233 1478 377 1560; x_wconf 92' lang='lat' dir='ltr'><strong>primum</strong></span> <span class='ocrx_word' id='word_1_65' title='bbox 395 1498 508 1560; x_wconf 88' lang='lat' dir='ltr'><strong>genus,</strong></span> <span class='ocrx_word' id='word_1_66' title='bbox 525 1477 612 1540; x_wconf 85' lang='lat' dir='ltr'><strong>idola</strong></span> <span class='ocrx_word' id='word_1_67' title='bbox 628 1478 755 1550; x_wconf 84' lang='lat' dir='ltr'><strong>tribus,·</strong></span> <span class='ocrx_word' id='word_1_68' title='bbox 779 1480 969 1555; x_wconf 89' lang='lat' dir='ltr'><strong>secundum,</strong></span> <span class='ocrx_word' id='word_1_69' title='bbox 985 1477 1073 1542; x_wconf 85' lang='lat' dir='ltr'><strong>idola</strong></span> <span class='ocrx_word' id='word_1_70' title='bbox 1087 1489 1216 1560; x_wconf 57' lang='lat' dir='ltr'><strong>specum·</strong></span> <span class='ocrx_word' id='word_1_71' title='bbox 1240 1481 1385 1560; x_wconf 89' lang='lat' dir='ltr'><strong>tertium,</strong></span> 
     </span>
     <span class='ocr_line' id='line_1_11' title="bbox 234 1580 1111 1664; baseline -0.001 -20"><span class='ocrx_word' id='word_1_72' title='bbox 234 1581 320 1644; x_wconf 84' lang='lat' dir='ltr'><strong>idola</strong></span> <span class='ocrx_word' id='word_1_73' title='bbox 326 1583 405 1664; x_wconf 84' lang='lat' dir='ltr'><strong>sori</strong></span> <span class='ocrx_word' id='word_1_74' title='bbox 412 1580 464 1654; x_wconf 84' lang='lat'><strong>⁴⁴;</strong></span> <span class='ocrx_word' id='word_1_75' title='bbox 487 1592 651 1664; x_wconf 90' lang='lat' dir='ltr'><strong>quartum,</strong></span> <span class='ocrx_word' id='word_1_76' title='bbox 667 1581 755 1646; x_wconf 82' lang='lat' dir='ltr'><strong>idola</strong></span> <span class='ocrx_word' id='word_1_77' title='bbox 770 1582 893 1647; x_wconf 80' lang='lat' dir='ltr'><strong>theatri</strong></span> <span class='ocrx_word' id='word_1_78' title='bbox 906 1591 1064 1646; x_wconf 87' lang='lat' dir='ltr'><strong>vocentur</strong></span> <span class='ocrx_word' id='word_1_79' title='bbox 1073 1580 1111 1643; x_wconf 81' lang='lat'><strong>⁴⁵.</strong></span> 
     </span>
    </p>
   </div>
   <div class='ocr_carea' id='block_1_5' title="bbox 222 1761 1384 4587">
    <p class='ocr_par' dir='ltr' id='par_1_5' title="bbox 232 1761 1384 2082">
     <span class='ocr_line' id='line_1_12' title="bbox 233 1761 1384 1834; baseline 0.004 -18"><span class='ocrx_word' id='word_1_80' title='bbox 233 1763 280 1816; x_wconf 92' lang='lat' dir='ltr'><strong>the</strong></span> <span class='ocrx_word' id='word_1_81' title='bbox 294 1761 399 1816; x_wconf 86' lang='lat' dir='ltr'><strong>‘idola&#39;</strong></span> <span class='ocrx_word' id='word_1_82' title='bbox 411 1763 468 1817; x_wconf 90' lang='lat' dir='ltr'><strong>and</strong></span> <span class='ocrx_word' id='word_1_83' title='bbox 481 1763 529 1817; x_wconf 90' lang='lat' dir='ltr'><strong>tbe</strong></span> <span class='ocrx_word' id='word_1_84' title='bbox 543 1763 741 1818; x_wconf 81' lang='lat' dir='ltr'><strong>‘offendicula’</strong></span> <span class='ocrx_word' id='word_1_85' title='bbox 753 1764 777 1818; x_wconf 89' lang='lat' dir='ltr'><strong>is</strong></span> <span class='ocrx_word' id='word_1_86' title='bbox 790 1781 857 1832; x_wconf 88' lang='lat' dir='ltr'><strong>very</strong></span> <span class='ocrx_word' id='word_1_87' title='bbox 866 1762 960 1832; x_wconf 85' lang='lat' dir='ltr'><strong>slight.</strong></span> <span class='ocrx_word' id='word_1_88' title='bbox 990 1763 1077 1817; x_wconf 90' lang='lat' dir='ltr'><strong>What</strong></span> <span class='ocrx_word' id='word_1_89' title='bbox 1087 1765 1224 1833; x_wconf 88' lang='lat' dir='ltr'><strong>probably</strong></span> <span class='ocrx_word' id='word_1_90' title='bbox 1233 1767 1384 1834; x_wconf 85' lang='lat' dir='ltr'><strong>suggested</strong></span> 
     </span>
     <span class='ocr_line' id='line_1_13' title="bbox 232 1845 1384 1917; baseline 0.003 -18"><span class='ocrx_word' id='word_1_91' title='bbox 232 1847 279 1900; x_wconf 92' lang='lat' dir='ltr'><strong>the</strong></span> <span class='ocrx_word' id='word_1_92' title='bbox 295 1845 358 1900; x_wconf 90' lang='lat' dir='ltr'><strong>idea</strong></span> <span class='ocrx_word' id='word_1_93' title='bbox 371 1847 401 1900; x_wconf 87' lang='lat' dir='ltr'><strong>ol</strong></span> <span class='ocrx_word' id='word_1_94' title='bbox 414 1846 462 1900; x_wconf 92' lang='lat' dir='ltr'><strong>the</strong></span> <span class='ocrx_word' id='word_1_95' title='bbox 474 1863 527 1900; x_wconf 94' lang='lat' dir='ltr'><strong>one</strong></span> <span class='ocrx_word' id='word_1_96' title='bbox 545 1847 649 1917; x_wconf 87' lang='lat' dir='ltr'><strong>having</strong></span> <span class='ocrx_word' id='word_1_97' title='bbox 666 1848 735 1901; x_wconf 88' lang='lat' dir='ltr'><strong>been</strong></span> <span class='ocrx_word' id='word_1_98' title='bbox 753 1846 899 1901; x_wconf 89' lang='lat' dir='ltr'><strong>borrowed</strong></span> <span class='ocrx_word' id='word_1_99' title='bbox 914 1847 985 1900; x_wconf 81' lang='lat' dir='ltr'><strong>from</strong></span> <span class='ocrx_word' id='word_1_100' title='bbox 1001 1847 1050 1900; x_wconf 90' lang='lat' dir='ltr'><strong>the</strong></span> <span class='ocrx_word' id='word_1_101' title='bbox 1065 1847 1146 1900; x_wconf 92' lang='lat' dir='ltr'><strong>other</strong></span> <span class='ocrx_word' id='word_1_102' title='bbox 1161 1847 1185 1901; x_wconf 87' lang='lat' dir='ltr'><strong>is</strong></span> <span class='ocrx_word' id='word_1_103' title='bbox 1201 1848 1248 1902; x_wconf 90' lang='lat' dir='ltr'><strong>the</strong></span> <span class='ocrx_word' id='word_1_104' title='bbox 1265 1849 1384 1904; x_wconf 83' lang='lat' dir='ltr'><strong>fourlold</strong></span> 
     </span>
     <span class='ocr_line' id='line_1_14' title="bbox 232 1929 1383 2000; baseline 0.003 -17"><span class='ocrx_word' id='word_1_105' title='bbox 232 1929 351 1983; x_wconf 88' lang='lat' dir='ltr'><strong>division</strong></span> <span class='ocrx_word' id='word_1_106' title='bbox 365 1929 455 1984; x_wconf 89' lang='lat' dir='ltr'><strong>which</strong></span> <span class='ocrx_word' id='word_1_107' title='bbox 468 1929 491 1984; x_wconf 91' lang='lat' dir='ltr'><strong>is</strong></span> <span class='ocrx_word' id='word_1_108' title='bbox 505 1947 636 1984; x_wconf 89' lang='lat' dir='ltr'><strong>common</strong></span> <span class='ocrx_word' id='word_1_109' title='bbox 648 1941 677 1985; x_wconf 95' lang='lat' dir='ltr'><strong>to</strong></span> <span class='ocrx_word' id='word_1_110' title='bbox 690 1931 767 1999; x_wconf 87' lang='lat' dir='ltr'><strong>both,</strong></span> <span class='ocrx_word' id='word_1_111' title='bbox 781 1931 829 1984; x_wconf 92' lang='lat' dir='ltr'><strong>but</strong></span> <span class='ocrx_word' id='word_1_112' title='bbox 842 1932 890 1984; x_wconf 90' lang='lat' dir='ltr'><strong>the</strong></span> <span class='ocrx_word' id='word_1_113' title='bbox 904 1929 1014 1997; x_wconf 66' lang='lat' dir='ltr'><strong>‘idola’</strong></span> <span class='ocrx_word' id='word_1_114' title='bbox 1028 1947 1060 1984; x_wconf 90' lang='lat' dir='ltr'><strong>as</strong></span> <span class='ocrx_word' id='word_1_115' title='bbox 1073 1947 1113 1984; x_wconf 90' lang='lat' dir='ltr'><strong>we</strong></span> <span class='ocrx_word' id='word_1_116' title='bbox 1130 1930 1202 1984; x_wconf 91' lang='lat' dir='ltr'><strong>have</strong></span> <span class='ocrx_word' id='word_1_117' title='bbox 1215 1949 1291 1998; x_wconf 88' lang='lat' dir='ltr'><strong>seen,</strong></span> <span class='ocrx_word' id='word_1_118' title='bbox 1304 1949 1383 2000; x_wconf 90' lang='lat' dir='ltr'><strong>were,</strong></span> 
     </span>
     <span class='ocr_line' id='line_1_15' title="bbox 232 2011 1197 2082; baseline 0.002 -16"><span class='ocrx_word' id='word_1_119' title='bbox 232 2011 260 2066; x_wconf 91' lang='lat' dir='ltr'><strong>in</strong></span> <span class='ocrx_word' id='word_1_120' title='bbox 273 2014 321 2066; x_wconf 88' lang='lat' dir='ltr'><strong>the</strong></span> <span class='ocrx_word' id='word_1_121' title='bbox 334 2012 451 2082; x_wconf 88' lang='lat' dir='ltr'><strong>original</strong></span> <span class='ocrx_word' id='word_1_122' title='bbox 463 2014 533 2068; x_wconf 87' lang='lat' dir='ltr'><strong>lonn</strong></span> <span class='ocrx_word' id='word_1_123' title='bbox 546 2014 578 2067; x_wconf 89' lang='lat' dir='ltr'><strong>of</strong></span> <span class='ocrx_word' id='word_1_124' title='bbox 586 2014 635 2068; x_wconf 93' lang='lat' dir='ltr'><strong>the</strong></span> <span class='ocrx_word' id='word_1_125' title='bbox 648 2013 781 2081; x_wconf 80' lang='lat' dir='ltr'><strong>doctrine,</strong></span> <span class='ocrx_word' id='word_1_126' title='bbox 794 2013 975 2069; x_wconf 89' lang='lat' dir='ltr'><strong>enumerated</strong></span> <span class='ocrx_word' id='word_1_127' title='bbox 988 2030 1020 2068; x_wconf 90' lang='lat' dir='ltr'><strong>as</strong></span> <span class='ocrx_word' id='word_1_128' title='bbox 1032 2013 1097 2081; x_wconf 92' lang='lat' dir='ltr'><strong>only</strong></span> <span class='ocrx_word' id='word_1_129' title='bbox 1110 2013 1197 2068; x_wconf 89' lang='lat' dir='ltr'><strong>three.</strong></span> 
     </span>
    </p>

    <p class='ocr_par' dir='ltr' id='par_1_6' title="bbox 231 2095 1383 2500">
     <span class='ocr_line' id='line_1_16' title="bbox 267 2095 1383 2166; baseline 0.003 -16"><span class='ocrx_word' id='word_1_130' title='bbox 267 2098 362 2166; x_wconf 92' lang='lat' dir='ltr'><strong>Roger</strong></span> <span class='ocrx_word' id='word_1_131' title='bbox 380 2097 499 2151; x_wconf 88' lang='lat' dir='ltr'><strong>Bacon’s</strong></span> <span class='ocrx_word' id='word_1_132' title='bbox 517 2106 667 2152; x_wconf 86' lang='lat' dir='ltr'><strong>statement</strong></span> <span class='ocrx_word' id='word_1_133' title='bbox 689 2097 747 2152; x_wconf 90' lang='lat' dir='ltr'><strong>and</strong></span> <span class='ocrx_word' id='word_1_134' title='bbox 766 2097 915 2152; x_wconf 84' lang='lat' dir='ltr'><strong>refutation</strong></span> <span class='ocrx_word' id='word_1_135' title='bbox 933 2097 965 2151; x_wconf 87' lang='lat' dir='ltr'><strong>ol</strong></span> <span class='ocrx_word' id='word_1_136' title='bbox 983 2097 1031 2150; x_wconf 89' lang='lat' dir='ltr'><strong>the</strong></span> <span class='ocrx_word' id='word_1_137' title='bbox 1053 2096 1061 2124; x_wconf 88' lang='lat'>‘</span> <span class='ocrx_word' id='word_1_138' title='bbox 1071 2095 1256 2151; x_wconf 83' lang='lat' dir='ltr'><strong>offendicula’</strong></span> <span class='ocrx_word' id='word_1_139' title='bbox 1276 2097 1329 2151; x_wconf 93' lang='lat' dir='ltr'><strong>will</strong></span> <span class='ocrx_word' id='word_1_140' title='bbox 1348 2099 1383 2154; x_wconf 90' lang='lat' dir='ltr'><strong>be</strong></span> 
     </span>
     <span class='ocr_line' id='line_1_17' title="bbox 231 2180 1382 2252; baseline 0.003 -19"><span class='ocrx_word' id='word_1_141' title='bbox 231 2180 318 2234; x_wconf 87' lang='lat' dir='ltr'><strong>lound</strong></span> <span class='ocrx_word' id='word_1_142' title='bbox 336 2181 449 2235; x_wconf 88' lang='lat' dir='ltr'><strong>worked</strong></span> <span class='ocrx_word' id='word_1_143' title='bbox 467 2189 514 2235; x_wconf 92' lang='lat' dir='ltr'><strong>out</strong></span> <span class='ocrx_word' id='word_1_144' title='bbox 533 2191 562 2235; x_wconf 90' lang='lat' dir='ltr'><strong>at</strong></span> <span class='ocrx_word' id='word_1_145' title='bbox 580 2191 658 2250; x_wconf 90' lang='lat' dir='ltr'><strong>great</strong></span> <span class='ocrx_word' id='word_1_146' title='bbox 678 2182 774 2249; x_wconf 89' lang='lat' dir='ltr'><strong>length</strong></span> <span class='ocrx_word' id='word_1_147' title='bbox 793 2180 821 2234; x_wconf 90' lang='lat' dir='ltr'><strong>in</strong></span> <span class='ocrx_word' id='word_1_148' title='bbox 842 2181 890 2235; x_wconf 90' lang='lat' dir='ltr'><strong>the</strong></span> <span class='ocrx_word' id='word_1_149' title='bbox 912 2191 952 2234; x_wconf 84' lang='lat' dir='ltr'><strong>tst</strong></span> <span class='ocrx_word' id='word_1_150' title='bbox 974 2181 1037 2234; x_wconf 80' lang='lat' dir='ltr'><strong>Part</strong></span> <span class='ocrx_word' id='word_1_151' title='bbox 1057 2180 1089 2233; x_wconf 83' lang='lat' dir='ltr'><strong>os</strong></span> <span class='ocrx_word' id='word_1_152' title='bbox 1109 2180 1157 2234; x_wconf 91' lang='lat' dir='ltr'><strong>the</strong></span> <span class='ocrx_word' id='word_1_153' title='bbox 1177 2181 1257 2250; x_wconf 87' lang='lat' dir='ltr'><strong>Opus</strong></span> <span class='ocrx_word' id='word_1_154' title='bbox 1280 2181 1382 2252; x_wconf 88' lang='lat' dir='ltr'><strong>Majus,</strong></span> 
     </span>
     <span class='ocr_line' id='line_1_18' title="bbox 231 2262 1382 2335; baseline 0.003 -19"><span class='ocrx_word' id='word_1_155' title='bbox 231 2263 288 2317; x_wconf 88' lang='lat' dir='ltr'><strong>and</strong></span> <span class='ocrx_word' id='word_1_156' title='bbox 300 2280 378 2318; x_wconf 89' lang='lat' dir='ltr'><strong>more</strong></span> <span class='ocrx_word' id='word_1_157' title='bbox 387 2263 484 2333; x_wconf 88' lang='lat' dir='ltr'><strong>bn&#39;elly</strong></span> <span class='ocrx_word' id='word_1_158' title='bbox 497 2263 524 2318; x_wconf 93' lang='lat' dir='ltr'><strong>in</strong></span> <span class='ocrx_word' id='word_1_159' title='bbox 538 2264 585 2319; x_wconf 92' lang='lat' dir='ltr'><strong>the</strong></span> <span class='ocrx_word' id='word_1_160' title='bbox 596 2265 675 2333; x_wconf 90' lang='lat' dir='ltr'><strong>Opus</strong></span> <span class='ocrx_word' id='word_1_161' title='bbox 686 2265 819 2331; x_wconf 83' lang='lat' dir='ltr'><strong>Tertium,</strong></span> <span class='ocrx_word' id='word_1_162' title='bbox 833 2281 896 2333; x_wconf 88' lang='lat' dir='ltr'><strong>cap.</strong></span> <span class='ocrx_word' id='word_1_163' title='bbox 910 2277 952 2317; x_wconf 84' lang='lat' dir='ltr'><strong>aa.</strong></span> <span class='ocrx_word' id='word_1_164' title='bbox 991 2265 1045 2317; x_wconf 92' lang='lat' dir='ltr'><strong>Mr.</strong></span> <span class='ocrx_word' id='word_1_165' title='bbox 1060 2262 1204 2334; x_wconf 92' lang='lat' dir='ltr'><strong>Spedding</strong></span> <span class='ocrx_word' id='word_1_166' title='bbox 1217 2265 1269 2318; x_wconf 87' lang='lat' dir='ltr'><strong>has</strong></span> <span class='ocrx_word' id='word_1_167' title='bbox 1279 2267 1382 2335; x_wconf 90' lang='lat' dir='ltr'><strong>quoted</strong></span> 
     </span>
     <span class='ocr_line' id='line_1_19' title="bbox 231 2346 1382 2417; baseline 0.003 -18"><span class='ocrx_word' id='word_1_168' title='bbox 231 2347 279 2400; x_wconf 91' lang='lat' dir='ltr'><strong>the</strong></span> <span class='ocrx_word' id='word_1_169' title='bbox 297 2347 422 2416; x_wconf 91' lang='lat' dir='ltr'><strong>opening</strong></span> <span class='ocrx_word' id='word_1_170' title='bbox 440 2348 531 2401; x_wconf 89' lang='lat' dir='ltr'><strong>words</strong></span> <span class='ocrx_word' id='word_1_171' title='bbox 549 2349 581 2402; x_wconf 88' lang='lat' dir='ltr'><strong>ol</strong></span> <span class='ocrx_word' id='word_1_172' title='bbox 596 2348 644 2402; x_wconf 90' lang='lat' dir='ltr'><strong>the</strong></span> <span class='ocrx_word' id='word_1_173' title='bbox 662 2348 766 2402; x_wconf 80' lang='lat' dir='ltr'><strong>former</strong></span> <span class='ocrx_word' id='word_1_174' title='bbox 784 2364 913 2417; x_wconf 89' lang='lat' dir='ltr'><strong>passage.</strong></span> <span class='ocrx_word' id='word_1_175' title='bbox 952 2347 962 2400; x_wconf 97' lang='lat' dir='ltr'><strong>l</strong></span> <span class='ocrx_word' id='word_1_176' title='bbox 983 2346 1037 2400; x_wconf 93' lang='lat' dir='ltr'><strong>will</strong></span> <span class='ocrx_word' id='word_1_177' title='bbox 1055 2347 1168 2417; x_wconf 89' lang='lat' dir='ltr'><strong>append</strong></span> <span class='ocrx_word' id='word_1_178' title='bbox 1187 2348 1268 2402; x_wconf 92' lang='lat' dir='ltr'><strong>those</strong></span> <span class='ocrx_word' id='word_1_179' title='bbox 1287 2349 1319 2402; x_wconf 87' lang='lat' dir='ltr'><strong>ol</strong></span> <span class='ocrx_word' id='word_1_180' title='bbox 1334 2350 1382 2404; x_wconf 91' lang='lat' dir='ltr'><strong>the</strong></span> 
     </span>
     <span class='ocr_line' id='line_1_20' title="bbox 231 2429 1074 2500; baseline 0.001 -18"><span class='ocrx_word' id='word_1_181' title='bbox 231 2430 320 2498; x_wconf 90' lang='lat' dir='ltr'><strong>latter,</strong></span> <span class='ocrx_word' id='word_1_182' title='bbox 334 2430 363 2483; x_wconf 87' lang='lat' dir='ltr'><strong>iu</strong></span> <span class='ocrx_word' id='word_1_183' title='bbox 376 2430 468 2484; x_wconf 89' lang='lat' dir='ltr'><strong>which</strong></span> <span class='ocrx_word' id='word_1_184' title='bbox 480 2431 559 2485; x_wconf 88' lang='lat' dir='ltr'><strong>there</strong></span> <span class='ocrx_word' id='word_1_185' title='bbox 571 2448 620 2485; x_wconf 87' lang='lat' dir='ltr'><strong>are</strong></span> <span class='ocrx_word' id='word_1_186' title='bbox 633 2447 711 2486; x_wconf 90' lang='lat' dir='ltr'><strong>some</strong></span> <span class='ocrx_word' id='word_1_187' title='bbox 725 2430 890 2500; x_wconf 89' lang='lat' dir='ltr'><strong>interesting</strong></span> <span class='ocrx_word' id='word_1_188' title='bbox 902 2429 1055 2484; x_wconf 75' lang='lat' dir='ltr'><strong>variatione</strong></span> <span class='ocrx_word' id='word_1_189' title='bbox 1068 2448 1074 2483; x_wconf 91' lang='lat'>:</span> 
     </span>
    </p>

    <p class='ocr_par' dir='ltr' id='par_1_7' title="bbox 228 2513 1381 3486">
     <span class='ocr_line' id='line_1_21' title="bbox 266 2513 1381 2584; baseline 0.003 -17"><span class='ocrx_word' id='word_1_190' title='bbox 266 2513 412 2583; x_wconf 86' lang='lat' dir='ltr'><strong>‘Quatuor</strong></span> <span class='ocrx_word' id='word_1_191' title='bbox 428 2531 494 2568; x_wconf 84' lang='lat' dir='ltr'><strong>vero</strong></span> <span class='ocrx_word' id='word_1_192' title='bbox 511 2525 575 2568; x_wconf 88' lang='lat' dir='ltr'><strong>sunt</strong></span> <span class='ocrx_word' id='word_1_193' title='bbox 594 2531 696 2568; x_wconf 89' lang='lat' dir='ltr'><strong>causae</strong></span> <span class='ocrx_word' id='word_1_194' title='bbox 711 2515 856 2584; x_wconf 83' lang='lat' dir='ltr'><strong>generales</strong></span> <span class='ocrx_word' id='word_1_195' title='bbox 872 2513 997 2568; x_wconf 92' lang='lat' dir='ltr'><strong>omnium</strong></span> <span class='ocrx_word' id='word_1_196' title='bbox 1016 2514 1153 2568; x_wconf 88' lang='lat' dir='ltr'><strong>malorum</strong></span> <span class='ocrx_word' id='word_1_197' title='bbox 1172 2523 1336 2582; x_wconf 90' lang='lat' dir='ltr'><strong>nostrorum,</strong></span> <span class='ocrx_word' id='word_1_198' title='bbox 1353 2525 1381 2570; x_wconf 91' lang='lat' dir='ltr'><strong>et</strong></span> 
     </span>
     <span class='ocr_line' id='line_1_22' title="bbox 230 2596 1380 2668; baseline 0.002 -18"><span class='ocrx_word' id='word_1_199' title='bbox 230 2613 343 2651; x_wconf 89' lang='lat' dir='ltr'><strong>omnem</strong></span> <span class='ocrx_word' id='word_1_200' title='bbox 356 2607 459 2652; x_wconf 90' lang='lat' dir='ltr'><strong>statum</strong></span> <span class='ocrx_word' id='word_1_201' title='bbox 472 2615 489 2651; x_wconf 89' lang='lat' dir='ltr'><strong>a</strong></span> <span class='ocrx_word' id='word_1_202' title='bbox 503 2596 639 2667; x_wconf 90' lang='lat' dir='ltr'><strong>principio</strong></span> <span class='ocrx_word' id='word_1_203' title='bbox 651 2597 748 2652; x_wconf 93' lang='lat' dir='ltr'><strong>mundi</strong></span> <span class='ocrx_word' id='word_1_204' title='bbox 762 2607 952 2668; x_wconf 88' lang='lat' dir='ltr'><strong>corruperunt,</strong></span> <span class='ocrx_word' id='word_1_205' title='bbox 966 2607 993 2651; x_wconf 93' lang='lat' dir='ltr'><strong>et</strong></span> <span class='ocrx_word' id='word_1_206' title='bbox 1006 2613 1117 2651; x_wconf 91' lang='lat' dir='ltr'><strong>omnem</strong></span> <span class='ocrx_word' id='word_1_207' title='bbox 1136 2596 1279 2652; x_wconf 87' lang='lat' dir='ltr'><strong>hominem</strong></span> <span class='ocrx_word' id='word_1_208' title='bbox 1292 2614 1380 2668; x_wconf 91' lang='lat' dir='ltr'><strong>quan-</strong></span> 
     </span>
     <span class='ocr_line' id='line_1_23' title="bbox 230 2680 1380 2751; baseline 0.002 -17"><span class='ocrx_word' id='word_1_209' title='bbox 230 2691 399 2751; x_wconf 89' lang='lat' dir='ltr'><strong>tumcunque</strong></span> <span class='ocrx_word' id='word_1_210' title='bbox 422 2680 576 2749; x_wconf 89' lang='lat' dir='ltr'><strong>sapientem</strong></span> <span class='ocrx_word' id='word_1_211' title='bbox 600 2681 723 2751; x_wconf 90' lang='lat' dir='ltr'><strong>(praeter</strong></span> <span class='ocrx_word' id='word_1_212' title='bbox 745 2680 899 2735; x_wconf 89' lang='lat' dir='ltr'><strong>Dominum</strong></span> <span class='ocrx_word' id='word_1_213' title='bbox 921 2690 1048 2734; x_wconf 88' lang='lat' dir='ltr'><strong>nostrum</strong></span> <span class='ocrx_word' id='word_1_214' title='bbox 1068 2681 1164 2750; x_wconf 85' lang='lat' dir='ltr'><strong>Jesum</strong></span> <span class='ocrx_word' id='word_1_215' title='bbox 1188 2680 1330 2735; x_wconf 88' lang='lat' dir='ltr'><strong>Christum</strong></span> <span class='ocrx_word' id='word_1_216' title='bbox 1352 2693 1380 2736; x_wconf 91' lang='lat' dir='ltr'><strong>et</strong></span> 
     </span>
     <span class='ocr_line' id='line_1_24' title="bbox 231 2763 1379 2834; baseline 0 -16"><span class='ocrx_word' id='word_1_217' title='bbox 231 2765 348 2818; x_wconf 85' lang='lat' dir='ltr'><strong>Beatam</strong></span> <span class='ocrx_word' id='word_1_218' title='bbox 365 2763 521 2833; x_wconf 88' lang='lat' dir='ltr'><strong>Virginem)</strong></span> <span class='ocrx_word' id='word_1_219' title='bbox 539 2764 689 2834; x_wconf 90' lang='lat' dir='ltr'><strong>aliquando</strong></span> <span class='ocrx_word' id='word_1_220' title='bbox 707 2775 785 2819; x_wconf 87' lang='lat' dir='ltr'><strong>extra</strong></span> <span class='ocrx_word' id='word_1_221' title='bbox 802 2764 876 2817; x_wconf 91' lang='lat' dir='ltr'><strong>viam</strong></span> <span class='ocrx_word' id='word_1_222' title='bbox 891 2772 1006 2831; x_wconf 88' lang='lat' dir='ltr'><strong>rectam,</strong></span> <span class='ocrx_word' id='word_1_223' title='bbox 1022 2764 1065 2818; x_wconf 93' lang='lat' dir='ltr'><strong>vel</strong></span> <span class='ocrx_word' id='word_1_224' title='bbox 1082 2771 1160 2817; x_wconf 91' lang='lat' dir='ltr'><strong>extra</strong></span> <span class='ocrx_word' id='word_1_225' title='bbox 1176 2763 1303 2817; x_wconf 88' lang='lat' dir='ltr'><strong>ultimam</strong></span> <span class='ocrx_word' id='word_1_226' title='bbox 1319 2781 1379 2834; x_wconf 92' lang='lat' dir='ltr'><strong>per-</strong></span> 
     </span>
     <span class='ocr_line' id='line_1_25' title="bbox 229 2845 1379 2917; baseline 0.002 -17"><span class='ocrx_word' id='word_1_227' title='bbox 229 2847 378 2902; x_wconf 84' lang='lat' dir='ltr'><strong>lectionem</strong></span> <span class='ocrx_word' id='word_1_228' title='bbox 403 2853 554 2915; x_wconf 68' lang='lat' dir='ltr'><strong>cotgerunt</strong></span> <span class='ocrx_word' id='word_1_229' title='bbox 579 2847 727 2902; x_wconf 89' lang='lat' dir='ltr'><strong>declinare.</strong></span> <span class='ocrx_word' id='word_1_230' title='bbox 767 2849 804 2901; x_wconf 91' lang='lat' dir='ltr'><strong>Et</strong></span> <span class='ocrx_word' id='word_1_231' title='bbox 828 2856 892 2902; x_wconf 92' lang='lat' dir='ltr'><strong>sunt</strong></span> <span class='ocrx_word' id='word_1_232' title='bbox 916 2846 1020 2915; x_wconf 85' lang='lat' dir='ltr'><strong>fragilis</strong></span> <span class='ocrx_word' id='word_1_233' title='bbox 1047 2845 1220 2900; x_wconf 86' lang='lat' dir='ltr'><strong>auctoritatis</strong></span> <span class='ocrx_word' id='word_1_234' title='bbox 1244 2849 1379 2917; x_wconf 88' lang='lat' dir='ltr'><strong>exempla,</strong></span> 
     </span>
     <span class='ocr_line' id='line_1_26' title="bbox 229 2928 1380 3000; baseline 0.001 -16"><span class='ocrx_word' id='word_1_235' title='bbox 229 2931 438 2986; x_wconf 87' lang='lat' dir='ltr'><strong>consuetudinis</strong></span> <span class='ocrx_word' id='word_1_236' title='bbox 457 2931 632 2999; x_wconf 89' lang='lat' dir='ltr'><strong>diuturnitas,</strong></span> <span class='ocrx_word' id='word_1_237' title='bbox 651 2942 679 2986; x_wconf 88' lang='lat' dir='ltr'><strong>et</strong></span> <span class='ocrx_word' id='word_1_238' title='bbox 699 2948 797 2986; x_wconf 90' lang='lat' dir='ltr'><strong>sensus</strong></span> <span class='ocrx_word' id='word_1_239' title='bbox 816 2929 1003 2984; x_wconf 88' lang='lat' dir='ltr'><strong>multitudinis</strong></span> <span class='ocrx_word' id='word_1_240' title='bbox 1025 2928 1177 2999; x_wconf 89' lang='lat' dir='ltr'><strong>imperitae,</strong></span> <span class='ocrx_word' id='word_1_241' title='bbox 1196 2939 1281 3000; x_wconf 88' lang='lat' dir='ltr'><strong>atque</strong></span> <span class='ocrx_word' id='word_1_242' title='bbox 1299 2948 1380 3000; x_wconf 89' lang='lat' dir='ltr'><strong>prae·</strong></span> 
     </span>
     <span class='ocr_line' id='line_1_27' title="bbox 230 3012 1379 3084; baseline 0.001 -17"><span class='ocrx_word' id='word_1_243' title='bbox 230 3014 350 3084; x_wconf 87' lang='lat' dir='ltr'><strong>sumptio</strong></span> <span class='ocrx_word' id='word_1_244' title='bbox 372 3015 511 3069; x_wconf 89' lang='lat' dir='ltr'><strong>humanae</strong></span> <span class='ocrx_word' id='word_1_245' title='bbox 533 3015 643 3082; x_wconf 89' lang='lat' dir='ltr'><strong>mentis,</strong></span> <span class='ocrx_word' id='word_1_246' title='bbox 663 3031 718 3084; x_wconf 90' lang='lat' dir='ltr'><strong>qua</strong></span> <span class='ocrx_word' id='word_1_247' title='bbox 736 3013 851 3084; x_wconf 91' lang='lat' dir='ltr'><strong>quilibet</strong></span> <span class='ocrx_word' id='word_1_248' title='bbox 873 3013 970 3067; x_wconf 91' lang='lat' dir='ltr'><strong>nititur</strong></span> <span class='ocrx_word' id='word_1_249' title='bbox 992 3029 1058 3067; x_wconf 89' lang='lat' dir='ltr'><strong>suae</strong></span> <span class='ocrx_word' id='word_1_250' title='bbox 1077 3012 1230 3082; x_wconf 89' lang='lat' dir='ltr'><strong>imperitiae</strong></span> <span class='ocrx_word' id='word_1_251' title='bbox 1249 3013 1379 3068; x_wconf 88' lang='lat' dir='ltr'><strong>solatium</strong></span> 
     </span>
     <span class='ocr_line' id='line_1_28' title="bbox 229 3097 1379 3168; baseline 0 -17"><span class='ocrx_word' id='word_1_252' title='bbox 229 3114 370 3168; x_wconf 90' lang='lat' dir='ltr'><strong>quaerere,</strong></span> <span class='ocrx_word' id='word_1_253' title='bbox 389 3107 417 3152; x_wconf 91' lang='lat' dir='ltr'><strong>et</strong></span> <span class='ocrx_word' id='word_1_254' title='bbox 436 3115 478 3166; x_wconf 86' lang='lat' dir='ltr'><strong>ea,</strong></span> <span class='ocrx_word' id='word_1_255' title='bbox 498 3114 569 3168; x_wconf 90' lang='lat' dir='ltr'><strong>quae</strong></span> <span class='ocrx_word' id='word_1_256' title='bbox 588 3098 686 3164; x_wconf 87' lang='lat' dir='ltr'><strong>nescit,</strong></span> <span class='ocrx_word' id='word_1_257' title='bbox 705 3108 753 3152; x_wconf 88' lang='lat' dir='ltr'><strong>aut</strong></span> <span class='ocrx_word' id='word_1_258' title='bbox 772 3115 828 3151; x_wconf 93' lang='lat' dir='ltr'><strong>non</strong></span> <span class='ocrx_word' id='word_1_259' title='bbox 848 3097 1003 3167; x_wconf 89' lang='lat' dir='ltr'><strong>approbare</strong></span> <span class='ocrx_word' id='word_1_260' title='bbox 1021 3105 1068 3150; x_wconf 91' lang='lat' dir='ltr'><strong>aut</strong></span> <span class='ocrx_word' id='word_1_261' title='bbox 1090 3097 1245 3166; x_wconf 86' lang='lat' dir='ltr'><strong>reprobare,</strong></span> <span class='ocrx_word' id='word_1_262' title='bbox 1264 3107 1292 3151; x_wconf 88' lang='lat' dir='ltr'><strong>et</strong></span> <span class='ocrx_word' id='word_1_263' title='bbox 1312 3097 1379 3151; x_wconf 93' lang='lat' dir='ltr'><strong>illud</strong></span> 
     </span>
     <span class='ocr_line' id='line_1_29' title="bbox 228 3178 1380 3252; baseline 0 -18"><span class='ocrx_word' id='word_1_264' title='bbox 228 3180 371 3235; x_wconf 92' lang='lat' dir='ltr'><strong>modicum</strong></span> <span class='ocrx_word' id='word_1_265' title='bbox 389 3182 463 3252; x_wconf 91' lang='lat' dir='ltr'><strong>quod</strong></span> <span class='ocrx_word' id='word_1_266' title='bbox 483 3181 534 3236; x_wconf 91' lang='lat' dir='ltr'><strong>scit</strong></span> <span class='ocrx_word' id='word_1_267' title='bbox 553 3182 597 3236; x_wconf 93' lang='lat' dir='ltr'><strong>vel</strong></span> <span class='ocrx_word' id='word_1_268' title='bbox 615 3181 745 3236; x_wconf 91' lang='lat' dir='ltr'><strong>aestimat</strong></span> <span class='ocrx_word' id='word_1_269' title='bbox 765 3181 843 3247; x_wconf 88' lang='lat' dir='ltr'><strong>scire,</strong></span> <span class='ocrx_word' id='word_1_270' title='bbox 859 3179 922 3234; x_wconf 89' lang='lat' dir='ltr'><strong>licet</strong></span> <span class='ocrx_word' id='word_1_271' title='bbox 942 3178 1056 3248; x_wconf 90' lang='lat' dir='ltr'><strong>nesciat,</strong></span> <span class='ocrx_word' id='word_1_272' title='bbox 1071 3179 1174 3248; x_wconf 89' lang='lat' dir='ltr'><strong>gaudet</strong></span> <span class='ocrx_word' id='word_1_273' title='bbox 1191 3179 1380 3249; x_wconf 90' lang='lat' dir='ltr'><strong>imprudenter</strong></span> 
     </span>
     <span class='ocr_line' id='line_1_30' title="bbox 228 3261 1379 3334; baseline 0.001 -17"><span class='ocrx_word' id='word_1_274' title='bbox 228 3265 385 3319; x_wconf 69' lang='lat' dir='ltr'><strong>ostentare!</strong></span> <span class='ocrx_word' id='word_1_275' title='bbox 422 3265 484 3319; x_wconf 88' lang='lat' dir='ltr'><strong>The</strong></span> <span class='ocrx_word' id='word_1_276' title='bbox 496 3273 552 3319; x_wconf 92' lang='lat' dir='ltr'><strong>rest</strong></span> <span class='ocrx_word' id='word_1_277' title='bbox 566 3265 596 3319; x_wconf 82' lang='lat' dir='ltr'><strong>ol</strong></span> <span class='ocrx_word' id='word_1_278' title='bbox 604 3266 652 3319; x_wconf 90' lang='lat' dir='ltr'><strong>the</strong></span> <span class='ocrx_word' id='word_1_279' title='bbox 665 3265 782 3334; x_wconf 87' lang='lat' dir='ltr'><strong>chapter</strong></span> <span class='ocrx_word' id='word_1_280' title='bbox 794 3263 896 3332; x_wconf 82' lang='lat' dir='ltr'><strong>(which</strong></span> <span class='ocrx_word' id='word_1_281' title='bbox 909 3262 962 3316; x_wconf 92' lang='lat' dir='ltr'><strong>will</strong></span> <span class='ocrx_word' id='word_1_282' title='bbox 981 3262 1017 3317; x_wconf 90' lang='lat' dir='ltr'><strong>be</strong></span> <span class='ocrx_word' id='word_1_283' title='bbox 1034 3262 1121 3317; x_wconf 80' lang='lat' dir='ltr'><strong>found</strong></span> <span class='ocrx_word' id='word_1_284' title='bbox 1134 3261 1162 3315; x_wconf 92' lang='lat' dir='ltr'><strong>in</strong></span> <span class='ocrx_word' id='word_1_285' title='bbox 1177 3264 1231 3316; x_wconf 89' lang='lat' dir='ltr'><strong>Mr.</strong></span> <span class='ocrx_word' id='word_1_286' title='bbox 1246 3264 1379 3318; x_wconf 89' lang='lat' dir='ltr'><strong>Brewer’s</strong></span> 
     </span>
     <span class='ocr_line' id='line_1_31' title="bbox 228 3345 1378 3419; baseline 0.001 -18"><span class='ocrx_word' id='word_1_287' title='bbox 228 3348 235 3374; x_wconf 90' lang='lat'><strong>‘</strong></span> <span class='ocrx_word' id='word_1_288' title='bbox 246 3349 269 3401; x_wconf 89' lang='lat' dir='ltr'>F</span> <span class='ocrx_word' id='word_1_289' title='bbox 271 3366 293 3402; x_wconf 89' lang='lat' dir='ltr'><strong>r.</strong></span> <span class='ocrx_word' id='word_1_290' title='bbox 306 3348 408 3416; x_wconf 88' lang='lat' dir='ltr'><strong>Rogeri</strong></span> <span class='ocrx_word' id='word_1_291' title='bbox 423 3350 518 3403; x_wconf 90' lang='lat' dir='ltr'><strong>Bacon</strong></span> <span class='ocrx_word' id='word_1_292' title='bbox 530 3349 623 3419; x_wconf 90' lang='lat' dir='ltr'><strong>Opera</strong></span> <span class='ocrx_word' id='word_1_293' title='bbox 635 3348 774 3418; x_wconf 87' lang='lat' dir='ltr'><strong>quaedam</strong></span> <span class='ocrx_word' id='word_1_294' title='bbox 789 3346 911 3414; x_wconf 91' lang='lat' dir='ltr'><strong>inedita‚’</strong></span> <span class='ocrx_word' id='word_1_295' title='bbox 925 3363 971 3416; x_wconf 90' lang='lat' dir='ltr'><strong>pp.</strong></span> <span class='ocrx_word' id='word_1_296' title='bbox 981 3345 1081 3416; x_wconf 82' lang='lat'>69-73)</span> <span class='ocrx_word' id='word_1_297' title='bbox 1092 3345 1116 3400; x_wconf 91' lang='lat' dir='ltr'><strong>is</strong></span> <span class='ocrx_word' id='word_1_298' title='bbox 1125 3362 1192 3414; x_wconf 90' lang='lat' dir='ltr'><strong>very</strong></span> <span class='ocrx_word' id='word_1_299' title='bbox 1202 3345 1312 3401; x_wconf 88' lang='lat' dir='ltr'><strong>curious</strong></span> <span class='ocrx_word' id='word_1_300' title='bbox 1321 3347 1378 3402; x_wconf 89' lang='lat' dir='ltr'><strong>and</strong></span> 
     </span>
     <span class='ocr_line' id='line_1_32' title="bbox 228 3431 839 3486; baseline 0 -2"><span class='ocrx_word' id='word_1_301' title='bbox 228 3433 288 3486; x_wconf 90' lang='lat' dir='ltr'><strong>well</strong></span> <span class='ocrx_word' id='word_1_302' title='bbox 301 3432 388 3486; x_wconf 89' lang='lat' dir='ltr'><strong>worth</strong></span> <span class='ocrx_word' id='word_1_303' title='bbox 402 3433 451 3486; x_wconf 92' lang='lat' dir='ltr'><strong>the</strong></span> <span class='ocrx_word' id='word_1_304' title='bbox 463 3432 602 3486; x_wconf 88' lang='lat' dir='ltr'><strong>attention</strong></span> <span class='ocrx_word' id='word_1_305' title='bbox 615 3432 648 3485; x_wconf 85' lang='lat' dir='ltr'><strong>ol</strong></span> <span class='ocrx_word' id='word_1_306' title='bbox 657 3432 705 3485; x_wconf 92' lang='lat' dir='ltr'><strong>the</strong></span> <span class='ocrx_word' id='word_1_307' title='bbox 719 3431 839 3484; x_wconf 91' lang='lat' dir='ltr'><strong>student.</strong></span> 
     </span>
    </p>

    <p class='ocr_par' dir='ltr' id='par_1_8' title="bbox 261 3513 1058 3570">
     <span class='ocr_line' id='line_1_33' title="bbox 261 3513 1058 3570; baseline -0.004 0"><span class='ocrx_word' id='word_1_308' title='bbox 261 3514 284 3544; x_wconf 83' lang='lat'><strong>⁴⁴</strong></span> <span class='ocrx_word' id='word_1_309' title='bbox 304 3515 401 3570; x_wconf 89' lang='lat' dir='ltr'><strong>Called</strong></span> <span class='ocrx_word' id='word_1_310' title='bbox 415 3515 442 3568; x_wconf 95' lang='lat' dir='ltr'><strong>in</strong></span> <span class='ocrx_word' id='word_1_311' title='bbox 455 3514 584 3570; x_wconf 87' lang='lat' dir='ltr'><strong>Valerius</strong></span> <span class='ocrx_word' id='word_1_312' title='bbox 597 3513 746 3570; x_wconf 88' lang='lat' dir='ltr'><strong>Terminus</strong></span> <span class='ocrx_word' id='word_1_313' title='bbox 761 3514 837 3568; x_wconf 90' lang='lat' dir='ltr'><strong>ldols</strong></span> <span class='ocrx_word' id='word_1_314' title='bbox 850 3514 881 3567; x_wconf 83' lang='lat' dir='ltr'><strong>os</strong></span> <span class='ocrx_word' id='word_1_315' title='bbox 889 3513 936 3567; x_wconf 90' lang='lat' dir='ltr'><strong>the</strong></span> <span class='ocrx_word' id='word_1_316' title='bbox 951 3513 1058 3567; x_wconf 90' lang='lat' dir='ltr'><strong>Palace.</strong></span> 
     </span>
    </p>

    <p class='ocr_par' dir='ltr' id='par_1_9' title="bbox 222 3595 1381 4587">
     <span class='ocr_line' id='line_1_34' title="bbox 261 3595 1377 3668; baseline -0.001 -16"><span class='ocrx_word' id='word_1_317' title='bbox 261 3595 284 3628; x_wconf 77' lang='lat'><strong>⁴⁶</strong></span> <span class='ocrx_word' id='word_1_318' title='bbox 303 3600 341 3653; x_wconf 87' lang='lat' dir='ltr'><strong>At</strong></span> <span class='ocrx_word' id='word_1_319' title='bbox 353 3599 400 3653; x_wconf 89' lang='lat' dir='ltr'><strong>the</strong></span> <span class='ocrx_word' id='word_1_320' title='bbox 412 3597 565 3668; x_wconf 89' lang='lat' dir='ltr'><strong>beginning</strong></span> <span class='ocrx_word' id='word_1_321' title='bbox 577 3599 608 3653; x_wconf 82' lang='lat' dir='ltr'><strong>ol</strong></span> <span class='ocrx_word' id='word_1_322' title='bbox 617 3598 769 3667; x_wconf 89' lang='lat' dir='ltr'><strong>Aphorism</strong></span> <span class='ocrx_word' id='word_1_323' title='bbox 782 3597 825 3665; x_wconf 90' lang='lat'><strong>61,</strong></span> <span class='ocrx_word' id='word_1_324' title='bbox 839 3597 917 3651; x_wconf 91' lang='lat' dir='ltr'><strong>there</strong></span> <span class='ocrx_word' id='word_1_325' title='bbox 927 3595 951 3650; x_wconf 91' lang='lat' dir='ltr'><strong>is</strong></span> <span class='ocrx_word' id='word_1_326' title='bbox 963 3613 981 3649; x_wconf 92' lang='lat' dir='ltr'><strong>a</strong></span> <span class='ocrx_word' id='word_1_327' title='bbox 992 3606 1068 3651; x_wconf 89' lang='lat' dir='ltr'><strong>trace</strong></span> <span class='ocrx_word' id='word_1_328' title='bbox 1081 3596 1113 3650; x_wconf 84' lang='lat' dir='ltr'><strong>ol</strong></span> <span class='ocrx_word' id='word_1_329' title='bbox 1121 3613 1157 3650; x_wconf 93' lang='lat' dir='ltr'><strong>an</strong></span> <span class='ocrx_word' id='word_1_330' title='bbox 1170 3596 1218 3651; x_wconf 93' lang='lat' dir='ltr'><strong>old</strong></span> <span class='ocrx_word' id='word_1_331' title='bbox 1230 3596 1377 3652; x_wconf 87' lang='lat' dir='ltr'><strong>classitica·</strong></span> 
     </span>
     <span class='ocr_line' id='line_1_35' title="bbox 226 3678 1377 3752; baseline -0.001 -16"><span class='ocrx_word' id='word_1_332' title='bbox 226 3682 285 3736; x_wconf 91' lang='lat' dir='ltr'><strong>tion</strong></span> <span class='ocrx_word' id='word_1_333' title='bbox 298 3683 329 3736; x_wconf 85' lang='lat' dir='ltr'><strong>ol</strong></span> <span class='ocrx_word' id='word_1_334' title='bbox 338 3682 386 3736; x_wconf 92' lang='lat' dir='ltr'><strong>the</strong></span> <span class='ocrx_word' id='word_1_335' title='bbox 401 3683 480 3736; x_wconf 91' lang='lat' dir='ltr'><strong>ldola</strong></span> <span class='ocrx_word' id='word_1_336' title='bbox 493 3681 551 3736; x_wconf 91' lang='lat' dir='ltr'><strong>into</strong></span> <span class='ocrx_word' id='word_1_337' title='bbox 564 3692 618 3737; x_wconf 94' lang='lat' dir='ltr'><strong>two</strong></span> <span class='ocrx_word' id='word_1_338' title='bbox 627 3699 740 3752; x_wconf 89' lang='lat' dir='ltr'><strong>groups.</strong></span> <span class='ocrx_word' id='word_1_339' title='bbox 779 3682 813 3734; x_wconf 94' lang='lat' dir='ltr'><strong>In</strong></span> <span class='ocrx_word' id='word_1_340' title='bbox 825 3678 1002 3748; x_wconf 89' lang='lat' dir='ltr'><strong>introducing</strong></span> <span class='ocrx_word' id='word_1_341' title='bbox 1010 3680 1058 3734; x_wconf 91' lang='lat' dir='ltr'><strong>the</strong></span> <span class='ocrx_word' id='word_1_342' title='bbox 1069 3679 1147 3734; x_wconf 84' lang='lat' dir='ltr'><strong>idola</strong></span> <span class='ocrx_word' id='word_1_343' title='bbox 1159 3681 1272 3748; x_wconf 79' lang='lat' dir='ltr'><strong>theatri,</strong></span> <span class='ocrx_word' id='word_1_344' title='bbox 1281 3681 1377 3735; x_wconf 90' lang='lat' dir='ltr'><strong>Bacon</strong></span> 
     </span>
     <span class='ocr_line' id='line_1_36' title="bbox 226 3763 1376 3830; baseline -0.001 -11"><span class='ocrx_word' id='word_1_345' title='bbox 226 3782 290 3820; x_wconf 87' lang='lat' dir='ltr'><strong>uses</strong></span> <span class='ocrx_word' id='word_1_346' title='bbox 302 3766 351 3820; x_wconf 90' lang='lat' dir='ltr'><strong>the</strong></span> <span class='ocrx_word' id='word_1_347' title='bbox 363 3766 454 3819; x_wconf 92' lang='lat' dir='ltr'><strong>words</strong></span> <span class='ocrx_word' id='word_1_348' title='bbox 468 3766 523 3820; x_wconf 85' lang='lat' dir='ltr'><strong>‘At</strong></span> <span class='ocrx_word' id='word_1_349' title='bbox 536 3766 612 3819; x_wconf 86' lang='lat' dir='ltr'><strong>idola</strong></span> <span class='ocrx_word' id='word_1_350' title='bbox 624 3766 731 3819; x_wconf 78' lang='lat' dir='ltr'><strong>theatri</strong></span> <span class='ocrx_word' id='word_1_351' title='bbox 746 3763 842 3818; x_wconf 90' lang='lat' dir='ltr'><strong>innata</strong></span> <span class='ocrx_word' id='word_1_352' title='bbox 854 3779 909 3818; x_wconf 93' lang='lat' dir='ltr'><strong>non</strong></span> <span class='ocrx_word' id='word_1_353' title='bbox 924 3773 997 3830; x_wconf 91' lang='lat' dir='ltr'><strong>sunt,</strong></span> <span class='ocrx_word' id='word_1_354' title='bbox 1010 3779 1062 3817; x_wconf 89' lang='lat' dir='ltr'><strong>nec</strong></span> <span class='ocrx_word' id='word_1_355' title='bbox 1075 3765 1184 3818; x_wconf 90' lang='lat' dir='ltr'><strong>occulto</strong></span> <span class='ocrx_word' id='word_1_356' title='bbox 1197 3763 1336 3818; x_wconf 89' lang='lat' dir='ltr'><strong>insinuata</strong></span> <span class='ocrx_word' id='word_1_357' title='bbox 1349 3765 1376 3818; x_wconf 94' lang='lat' dir='ltr'><strong>in</strong></span> 
     </span>
     <span class='ocr_line' id='line_1_37' title="bbox 226 3846 1381 3916; baseline -0.001 -14"><span class='ocrx_word' id='word_1_358' title='bbox 226 3848 395 3904; x_wconf 86' lang='lat' dir='ltr'><strong>intellectum</strong></span> <span class='ocrx_word' id='word_1_359' title='bbox 407 3865 414 3916; x_wconf 91' lang='lat'><strong>;</strong></span> <span class='ocrx_word' id='word_1_360' title='bbox 435 3849 484 3903; x_wconf 90' lang='lat' dir='ltr'><strong>sed</strong></span> <span class='ocrx_word' id='word_1_361' title='bbox 497 3867 531 3904; x_wconf 85' lang='lat' dir='ltr'><strong>ex</strong></span> <span class='ocrx_word' id='word_1_362' title='bbox 543 3848 659 3915; x_wconf 83' lang='lat' dir='ltr'><strong>fabulis‚&#39;</strong></span> <span class='ocrx_word' id='word_1_363' title='bbox 673 3849 724 3903; x_wconf 79' lang='lat' dir='ltr'><strong>&amp;o</strong></span> <span class='ocrx_word' id='word_1_364' title='bbox 761 3848 855 3902; x_wconf 89' lang='lat' dir='ltr'><strong>These</strong></span> <span class='ocrx_word' id='word_1_365' title='bbox 868 3847 960 3901; x_wconf 91' lang='lat' dir='ltr'><strong>words</strong></span> <span class='ocrx_word' id='word_1_366' title='bbox 973 3846 1053 3916; x_wconf 92' lang='lat' dir='ltr'><strong>point</strong></span> <span class='ocrx_word' id='word_1_367' title='bbox 1066 3857 1095 3901; x_wconf 91' lang='lat' dir='ltr'><strong>to</strong></span> <span class='ocrx_word' id='word_1_368' title='bbox 1108 3865 1125 3901; x_wconf 90' lang='lat' dir='ltr'><strong>a</strong></span> <span class='ocrx_word' id='word_1_369' title='bbox 1138 3847 1336 3902; x_wconf 88' lang='lat' dir='ltr'><strong>classification</strong></span> <span class='ocrx_word' id='word_1_370' title='bbox 1348 3848 1381 3902; x_wconf 86' lang='lat' dir='ltr'><strong>ol</strong></span> 
     </span>
     <span class='ocr_line' id='line_1_38' title="bbox 225 3929 1376 4001; baseline -0.003 -14"><span class='ocrx_word' id='word_1_371' title='bbox 225 3933 273 3987; x_wconf 93' lang='lat' dir='ltr'><strong>the</strong></span> <span class='ocrx_word' id='word_1_372' title='bbox 288 3933 367 3987; x_wconf 89' lang='lat' dir='ltr'><strong>Idola</strong></span> <span class='ocrx_word' id='word_1_373' title='bbox 379 3949 410 3987; x_wconf 84' lang='lat' dir='ltr'><strong>as</strong></span> <span class='ocrx_word' id='word_1_374' title='bbox 427 3932 529 4000; x_wconf 82' lang='lat' dir='ltr'><strong>innate,</strong></span> <span class='ocrx_word' id='word_1_375' title='bbox 543 3931 685 4001; x_wconf 90' lang='lat' dir='ltr'><strong>including</strong></span> <span class='ocrx_word' id='word_1_376' title='bbox 697 3932 746 3986; x_wconf 92' lang='lat' dir='ltr'><strong>the</strong></span> <span class='ocrx_word' id='word_1_377' title='bbox 759 3931 817 3985; x_wconf 87' lang='lat' dir='ltr'><strong>first</strong></span> <span class='ocrx_word' id='word_1_378' title='bbox 830 3932 908 3985; x_wconf 91' lang='lat' dir='ltr'><strong>three</strong></span> <span class='ocrx_word' id='word_1_379' title='bbox 925 3930 1036 3998; x_wconf 90' lang='lat' dir='ltr'><strong>classes,</strong></span> <span class='ocrx_word' id='word_1_380' title='bbox 1049 3930 1107 3985; x_wconf 86' lang='lat' dir='ltr'><strong>and</strong></span> <span class='ocrx_word' id='word_1_381' title='bbox 1122 3929 1319 3997; x_wconf 88' lang='lat' dir='ltr'><strong>adventitious,</strong></span> <span class='ocrx_word' id='word_1_382' title='bbox 1332 3931 1376 3984; x_wconf 92' lang='lat' dir='ltr'><strong>in·</strong></span> 
     </span>
     <span class='ocr_line' id='line_1_39' title="bbox 224 4013 1375 4086; baseline -0.002 -16"><span class='ocrx_word' id='word_1_383' title='bbox 224 4017 339 4086; x_wconf 91' lang='lat' dir='ltr'><strong>cluding</strong></span> <span class='ocrx_word' id='word_1_384' title='bbox 351 4016 399 4070; x_wconf 90' lang='lat' dir='ltr'><strong>the</strong></span> <span class='ocrx_word' id='word_1_385' title='bbox 412 4017 465 4070; x_wconf 91' lang='lat' dir='ltr'><strong>last</strong></span> <span class='ocrx_word' id='word_1_386' title='bbox 478 4017 550 4070; x_wconf 91' lang='lat' dir='ltr'><strong>class</strong></span> <span class='ocrx_word' id='word_1_387' title='bbox 563 4032 595 4070; x_wconf 92' lang='lat' dir='ltr'><strong>or</strong></span> <span class='ocrx_word' id='word_1_388' title='bbox 607 4015 682 4070; x_wconf 90' lang='lat' dir='ltr'><strong>idola</strong></span> <span class='ocrx_word' id='word_1_389' title='bbox 695 4014 795 4069; x_wconf 90' lang='lat' dir='ltr'><strong>theatri</strong></span> <span class='ocrx_word' id='word_1_390' title='bbox 808 4014 883 4083; x_wconf 94' lang='lat' dir='ltr'><strong>only.</strong></span> <span class='ocrx_word' id='word_1_391' title='bbox 919 4013 985 4068; x_wconf 88' lang='lat' dir='ltr'><strong>And</strong></span> <span class='ocrx_word' id='word_1_392' title='bbox 995 4013 1050 4068; x_wconf 91' lang='lat' dir='ltr'><strong>this</strong></span> <span class='ocrx_word' id='word_1_393' title='bbox 1059 4013 1254 4068; x_wconf 90' lang='lat' dir='ltr'><strong>classification</strong></span> <span class='ocrx_word' id='word_1_394' title='bbox 1269 4031 1309 4068; x_wconf 91' lang='lat' dir='ltr'><strong>we</strong></span> <span class='ocrx_word' id='word_1_395' title='bbox 1317 4015 1375 4068; x_wconf 84' lang='lat' dir='ltr'><strong>find</strong></span> 
     </span>
     <span class='ocr_line' id='line_1_40' title="bbox 224 4096 1374 4171; baseline -0.002 -17"><span class='ocrx_word' id='word_1_396' title='bbox 224 4099 347 4171; x_wconf 88' lang='lat' dir='ltr'><strong>adopted</strong></span> <span class='ocrx_word' id='word_1_397' title='bbox 360 4099 389 4152; x_wconf 94' lang='lat' dir='ltr'><strong>in</strong></span> <span class='ocrx_word' id='word_1_398' title='bbox 397 4099 446 4154; x_wconf 90' lang='lat' dir='ltr'><strong>the</strong></span> <span class='ocrx_word' id='word_1_399' title='bbox 454 4098 622 4154; x_wconf 88' lang='lat' dir='ltr'><strong>Distributio</strong></span> <span class='ocrx_word' id='word_1_400' title='bbox 633 4098 742 4168; x_wconf 86' lang='lat' dir='ltr'><strong>Operis.</strong></span> <span class='ocrx_word' id='word_1_401' title='bbox 779 4097 786 4126; x_wconf 87' lang='lat'>‘</span> <span class='ocrx_word' id='word_1_402' title='bbox 797 4097 875 4151; x_wconf 89' lang='lat' dir='ltr'><strong>Idola</strong></span> <span class='ocrx_word' id='word_1_403' title='bbox 883 4106 978 4152; x_wconf 88' lang='lat' dir='ltr'><strong>autem</strong></span> <span class='ocrx_word' id='word_1_404' title='bbox 987 4114 1005 4150; x_wconf 87' lang='lat' dir='ltr'><strong>a</strong></span> <span class='ocrx_word' id='word_1_405' title='bbox 1014 4096 1114 4167; x_wconf 90' lang='lat' dir='ltr'><strong>quibus</strong></span> <span class='ocrx_word' id='word_1_406' title='bbox 1124 4106 1276 4166; x_wconf 88' lang='lat' dir='ltr'><strong>occupatur</strong></span> <span class='ocrx_word' id='word_1_407' title='bbox 1285 4114 1374 4165; x_wconf 91' lang='lat' dir='ltr'><strong>mens,</strong></span> 
     </span>
     <span class='ocr_line' id='line_1_41' title="bbox 223 4179 1374 4248; baseline -0.001 -11"><span class='ocrx_word' id='word_1_408' title='bbox 223 4185 268 4238; x_wconf 88' lang='lat' dir='ltr'><strong>vel</strong></span> <span class='ocrx_word' id='word_1_409' title='bbox 289 4181 440 4238; x_wconf 87' lang='lat' dir='ltr'><strong>Adscititia</strong></span> <span class='ocrx_word' id='word_1_410' title='bbox 459 4193 522 4238; x_wconf 87' lang='lat' dir='ltr'><strong>sunt</strong></span> <span class='ocrx_word' id='word_1_411' title='bbox 538 4185 582 4237; x_wconf 91' lang='lat' dir='ltr'><strong>vel</strong></span> <span class='ocrx_word' id='word_1_412' title='bbox 605 4183 715 4236; x_wconf 90' lang='lat' dir='ltr'><strong>lnnata.</strong></span> <span class='ocrx_word' id='word_1_413' title='bbox 755 4179 906 4236; x_wconf 88' lang='lat' dir='ltr'><strong>Adscititia</strong></span> <span class='ocrx_word' id='word_1_414' title='bbox 921 4197 986 4234; x_wconf 93' lang='lat' dir='ltr'><strong>vero</strong></span> <span class='ocrx_word' id='word_1_415' title='bbox 1006 4179 1198 4248; x_wconf 79' lang='lat' dir='ltr'><strong>immigrarunt</strong></span> <span class='ocrx_word' id='word_1_416' title='bbox 1218 4179 1245 4234; x_wconf 90' lang='lat' dir='ltr'><strong>in</strong></span> <span class='ocrx_word' id='word_1_417' title='bbox 1265 4191 1374 4236; x_wconf 89' lang='lat' dir='ltr'><strong>mentes</strong></span> 
     </span>
     <span class='ocr_line' id='line_1_42' title="bbox 224 4262 1374 4336; baseline -0.002 -15"><span class='ocrx_word' id='word_1_418' title='bbox 224 4267 377 4334; x_wconf 90' lang='lat' dir='ltr'><strong>hominurn,</strong></span> <span class='ocrx_word' id='word_1_419' title='bbox 391 4267 480 4321; x_wconf 83' lang='lat' dir='ltr'><strong>velex</strong></span> <span class='ocrx_word' id='word_1_420' title='bbox 498 4265 729 4336; x_wconf 88' lang='lat' dir='ltr'><strong>pbilosophorum</strong></span> <span class='ocrx_word' id='word_1_421' title='bbox 742 4263 852 4334; x_wconf 89' lang='lat' dir='ltr'><strong>placitis</strong></span> <span class='ocrx_word' id='word_1_422' title='bbox 864 4275 892 4319; x_wconf 88' lang='lat' dir='ltr'><strong>et</strong></span> <span class='ocrx_word' id='word_1_423' title='bbox 909 4262 991 4318; x_wconf 90' lang='lat' dir='ltr'><strong>sectis</strong></span> <span class='ocrx_word' id='word_1_424' title='bbox 1004 4264 1047 4317; x_wconf 90' lang='lat' dir='ltr'><strong>vel</strong></span> <span class='ocrx_word' id='word_1_425' title='bbox 1062 4281 1096 4317; x_wconf 88' lang='lat' dir='ltr'><strong>ex</strong></span> <span class='ocrx_word' id='word_1_426' title='bbox 1113 4262 1251 4332; x_wconf 87' lang='lat' dir='ltr'><strong>perversis</strong></span> <span class='ocrx_word' id='word_1_427' title='bbox 1266 4263 1374 4332; x_wconf 87' lang='lat' dir='ltr'><strong>legibus</strong></span> 
     </span>
     <span class='ocr_line' id='line_1_43' title="bbox 223 4345 1373 4428; baseline -0.003 -24"><span class='ocrx_word' id='word_1_428' title='bbox 223 4348 500 4404; x_wconf 89' lang='lat' dir='ltr'><strong>demonstrationum.</strong></span> <span class='ocrx_word' id='word_1_429' title='bbox 545 4351 582 4403; x_wconf 85' lang='lat' dir='ltr'><strong>At</strong></span> <span class='ocrx_word' id='word_1_430' title='bbox 597 4350 699 4404; x_wconf 90' lang='lat' dir='ltr'><strong>Innata</strong></span> <span class='ocrx_word' id='word_1_431' title='bbox 713 4348 858 4403; x_wconf 86' lang='lat' dir='ltr'><strong>inhaerent</strong></span> <span class='ocrx_word' id='word_1_432' title='bbox 871 4357 986 4402; x_wconf 86' lang='lat' dir='ltr'><strong>naturae</strong></span> <span class='ocrx_word' id='word_1_433' title='bbox 999 4346 1085 4416; x_wconf 88' lang='lat' dir='ltr'><strong>ipsius</strong></span> <span class='ocrx_word' id='word_1_434' title='bbox 1097 4345 1259 4428; x_wconf 61' lang='lat' dir='ltr'><strong>intellectus)</strong></span> <span class='ocrx_word' id='word_1_435' title='bbox 1273 4346 1318 4416; x_wconf 90' lang='lat' dir='ltr'><strong>qui</strong></span> <span class='ocrx_word' id='word_1_436' title='bbox 1336 4347 1373 4401; x_wconf 90' lang='lat' dir='ltr'><strong>ad</strong></span> 
     </span>
     <span class='ocr_line' id='line_1_44' title="bbox 223 4430 1373 4503; baseline -0.003 -15"><span class='ocrx_word' id='word_1_437' title='bbox 223 4450 345 4488; x_wconf 88' lang='lat' dir='ltr'><strong>errorem</strong></span> <span class='ocrx_word' id='word_1_438' title='bbox 369 4433 451 4502; x_wconf 88' lang='lat' dir='ltr'><strong>longe</strong></span> <span class='ocrx_word' id='word_1_439' title='bbox 475 4431 621 4503; x_wconf 90' lang='lat' dir='ltr'><strong>proclivior</strong></span> <span class='ocrx_word' id='word_1_440' title='bbox 644 4449 707 4487; x_wconf 88' lang='lat' dir='ltr'><strong>esse</strong></span> <span class='ocrx_word' id='word_1_441' title='bbox 729 4430 948 4501; x_wconf 90' lang='lat' dir='ltr'><strong>deprehenditur</strong></span> <span class='ocrx_word' id='word_1_442' title='bbox 966 4447 1050 4501; x_wconf 88' lang='lat' dir='ltr'><strong>quam</strong></span> <span class='ocrx_word' id='word_1_443' title='bbox 1069 4446 1169 4484; x_wconf 87' lang='lat' dir='ltr'><strong>sensus</strong></span> <span class='ocrx_word' id='word_1_444' title='bbox 1171 4468 1262 4484; x_wconf 93' lang='lat'><strong>.....</strong></span> <span class='ocrx_word' id='word_1_445' title='bbox 1280 4431 1373 4499; x_wconf 87' lang='lat' dir='ltr'><strong>Atque</strong></span> 
     </span>
     <span class='ocr_line' id='line_1_45' title="bbox 222 4512 1373 4587; baseline -0.002 -17"><span class='ocrx_word' id='word_1_446' title='bbox 222 4515 318 4587; x_wconf 72' lang='lat' dir='ltr'><strong>priora¹</strong></span> <span class='ocrx_word' id='word_1_447' title='bbox 334 4515 381 4570; x_wconf 88' lang='lat' dir='ltr'><strong>illa</strong></span> <span class='ocrx_word' id='word_1_448' title='bbox 399 4517 455 4571; x_wconf 91' lang='lat' dir='ltr'><strong>duo</strong></span> <span class='ocrx_word' id='word_1_449' title='bbox 476 4516 617 4570; x_wconf 84' lang='lat' dir='ltr'><strong>ltlolorum</strong></span> <span class='ocrx_word' id='word_1_450' title='bbox 635 4532 738 4585; x_wconf 85' lang='lat' dir='ltr'><strong>genera</strong></span> <span class='ocrx_word' id='word_1_451' title='bbox 756 4531 848 4584; x_wconf 89' lang='lat' dir='ltr'><strong>aegre,</strong></span> <span class='ocrx_word' id='word_1_452' title='bbox 861 4523 1001 4584; x_wconf 86' lang='lat' dir='ltr'><strong>postrema</strong></span> <span class='ocrx_word' id='word_1_453' title='bbox 1018 4529 1083 4568; x_wconf 87' lang='lat' dir='ltr'><strong>vero</strong></span> <span class='ocrx_word' id='word_1_454' title='bbox 1098 4513 1169 4568; x_wconf 86' lang='lat' dir='ltr'><strong>baec</strong></span> <span class='ocrx_word' id='word_1_455' title='bbox 1187 4512 1262 4568; x_wconf 91' lang='lat' dir='ltr'><strong>nullo</strong></span> <span class='ocrx_word' id='word_1_456' title='bbox 1280 4513 1373 4582; x_wconf 88' lang='lat' dir='ltr'><strong>modo,</strong></span> 
     </span>
    </p>
   </div>
   <div class='ocr_carea' id='block_1_6' title="bbox 0 0 1676 5152">
    <p class='ocr_par' dir='ltr' id='par_1_10' title="bbox 0 0 1676 5152">
     <span class='ocr_line' id='line_1_46' title="bbox 0 0 1676 5152; baseline 0 5"><span class='ocrx_word' id='word_1_457' title='bbox 0 0 1676 5152; x_wconf 95' lang='lat' dir='ltr'><strong> </strong></span> 
     </span>
    </p>
   </div>
  </div>
 </body>
</html>
