3358 5152
668 383 747 440 ΜΒ.
770 386 796 442 l.
822 374 959 459 86-87.
1325 381 1387 461 287

238 549 318 616 illud
343 551 493 635 inprimis
516 550 845 614 animadvertendum
869 559 928 626 est,
953 571 1024 616 esse
1052 553 1283 616 tantummodo
1307 554 1389 618 certi

238 655 409 737 cujusdam
426 665 460 718 et
475 654 604 719 definiti
624 655 754 736 generis
775 653 931 736 subjecta,
949 656 1116 739 inquibus
1137 667 1223 720 artes
1245 658 1390 720 curiosae

238 769 272 822 et
302 760 555 842 superstitiosae,
586 779 644 840 per
680 779 795 822 omnes
824 760 974 824 nationes
1004 770 1105 842 atque
1134 771 1260 826 aetates
1290 773 1390 844 atque

237 863 337 927 etiam
368 863 550 946 religiones,
573 861 696 945 aliquid
723 863 892 946 potuerint
915 874 971 928 aut
995 863 1138 929 luserint.
1184 865 1302 947 Itaque
1329 867 1390 930 ista

239 969 337 1032 missa
366 967 532 1032 faciamus
579 967 714 1030 Interim
746 967 790 1030 nil
822 968 941 1031 mirum
974 979 1034 1045 est,
1064 971 1091 1032 si
1122 970 1236 1053 opimo
1275 971 1390 1054 copiae

239 1093 371 1136 causam
392 1073 523 1154 inopiae
542 1071 676 1135 dederit.

716 1199 912 1264 LXXXVI.

282 1329 398 1412 Atque
421 1329 591 1393 hominum
615 1329 832 1407 admirationi,
849 1332 958 1410 quoad
982 1332 1150 1396 doctrinas
1168 1343 1201 1396 et
1219 1344 1316 1410 artes,
1332 1353 1391 1416 per

239 1454 275 1497 se
301 1435 380 1498 satIs
409 1432 549 1517 simplici
576 1442 609 1497 et
635 1454 739 1517 prope
769 1433 893 1516 puerili
918 1434 1155 1499 incrementum
1185 1439 1321 1500 accessit
1347 1439 1390 1501 ab

241 1558 354 1601 eorum
370 1548 442 1602 astu
459 1547 492 1602 et
507 1537 645 1602 artificio
657 1537 712 1620 qui
728 1537 881 1601 scientias
897 1547 1120 1604 tractaverunt
1130 1551 1163 1605 et
1176 1541 1389 1604 tradiderunt.

243 1641 295 1705 Illi
318 1642 405 1704 enim
429 1661 468 1705 ea
490 1642 672 1706 ambitione
696 1651 730 1704 et
753 1641 964 1706 affectati0ne
986 1663 1041 1706 eas
1068 1655 1266 1727 proponunt,
1289 1655 1391 1727 atque

242 1747 275 1808 ln
297 1766 373 1808 eum
397 1745 534 1808 modum
557 1745 746 1810 efformatas
768 1767 807 1810 ae
824 1744 925 1809 veluti
949 1757 1140 1830 personatas
1163 1750 1195 1811 in
1219 1749 1390 1812 hominum

241 1859 453 1933 conspectum
484 1849 679 1933 producunt.
703 1871 741 1914 ac
765 1852 792 1913 si
816 1849 891 1913 illae
921 1851 1012 1914 omni
1037 1873 1080 1914 ex
1104 1861 1197 1935 parte
1226 1855 1391 1936 perlectae

242 1963 350 2018 essent
369 1955 460 2018 etad
476 1955 605 2018 exitum
630 1955 819 2037 perductae.
865 1952 901 2017 Si
922 1955 1011 2018 enlm
1035 1956 1229 2020 methodum
1253 1957 1391 2041 aspicias

242 2067 275 2122 et
302 2058 504 2141 partitiones,
533 2057 608 2121 illae
635 2079 767 2142 prorsus
791 2057 903 2122 omnia
929 2059 1105 2142 complecti
1133 2071 1166 2124 et
1196 2061 1392 2126 concludere

241 2162 402 2238 videntur,
432 2181 517 2242 quae
547 2163 580 2224 in
610 2161 690 2225 illud
721 2162 904 2244 subjectum
935 2163 1051 2226 cadere
1085 2177 1232 2246 possunt.
1277 2166 1393 2249 Atque

242 2264 319 2331 licet
340 2265 488 2330 membra
503 2265 558 2328 illa
575 2266 661 2329 male
681 2264 816 2349 impleta
832 2276 866 2328 et
881 2264 983 2329 veluti
1004 2267 1157 2350 capsulae
1173 2269 1286 2333 Inanes
1306 2270 1391 2346 sint;

243 2379 354 2434 tamen
367 2370 456 2452 apud
467 2369 672 2435 intellectum
684 2369 853 2453 vulgarem
866 2371 1022 2435 scientiae
1034 2370 1174 2435 formam
1185 2383 1219 2436 et
1232 2375 1392 2438 rationem

242 2475 387 2558 integrae
403 2495 482 2557 prae
497 2496 532 2538 se
548 2472 664 2538 lerunt.
1034 2492 1036 2496 ’

286 2578 336 2642 At
359 2579 455 2661 primi
477 2589 510 2642 et
527 2578 744 2660 antiquissimi
765 2579 912 2643 veritatis
936 2581 1151 2661 inquisitores,
1168 2581 1305 2645 meliore
1327 2582 1393 2645 fide

244 2692 276 2747 et
302 2682 380 2760 fato,
407 2682 630 2765 cognitionem
662 2681 760 2755 illam,
785 2703 884 2765 quam
908 2705 952 2747 ex
976 2704 1084 2747 rerum
1115 2685 1393 2768 contemplatione

243 2789 418 2871 decerpere
440 2796 475 2851 et
499 2787 532 2848 in
554 2806 649 2850 usum
673 2787 851 2851 recondere
874 2788 1075 2866 statuebant,
1096 2789 1127 2851 in
1149 2789 1349 2870 aphorismos
1357 2789 1393 2868 ⁴³,

243 2891 310 2954 sive
332 2892 447 2954 breves
477 2893 676 2972 easdemque
705 2912 835 2974 sparsas
858 2911 917 2955 nec
949 2893 1106 2957 methodo
1136 2894 1298 2957 revinctas
1320 2914 1393 2957 sen-

243 2997 370 3070 tentias,
391 2994 550 3077 conjicere
573 2995 747 3072 solebant3
781 3016 888 3078 neque
910 3017 946 3060 se
967 3008 1073 3061 artem
1098 2999 1279 3062 universam
1304 3020 1393 3063 com·

245 3099 343 3182 plecti
374 3098 574 3162 simulabant
606 3109 663 3163 aut
693 3099 943 3183 profitebantur.
989 3100 1040 3163 At
1067 3123 1107 3166 eo
1133 3124 1200 3184 quo
1231 3124 1316 3167 nunc
1344 3125 1394 3167 res

245 3205 352 3287 agitur
375 3202 484 3277 mod0,
509 3204 644 3268 minime
676 3205 794 3268 mirum
820 3212 878 3280 est,
901 3205 928 3268 si
952 3206 1100 3270 homines
1124 3207 1156 3270 in
1180 3207 1218 3270 iis
1241 3206 1395 3272 ulteriora

245 3328 311 3371 non
336 3318 504 3389 quaerant,
520 3328 605 3389 quae
628 3330 689 3391 pro
711 3307 919 3392 perlectis-et
943 3311 1085 3374 numeris
1108 3311 1173 3374 suis
1192 3310 1393 3393 jampridem

245 3410 405 3474 absolutis
419 3412 603 3475 traduntur.

713 3515 929 3580 LXXXVII.

290 3643 401 3707 Etiam
417 3643 552 3726 antiqua
569 3663 724 3727 magnum
741 3646 996 3710 existimationis
1012 3656 1046 3711 et
1062 3645 1138 3710 fidei
1158 3647 1395 3711 lucrementum

245 3757 440 3830 acceperunt
470 3769 513 3812 ex
541 3767 655 3811 eorum
682 3749 829 3814 vanitate
851 3761 885 3814 et
909 3749 1051 3827 levitate,
1074 3753 1130 3833 qui
1159 3773 1245 3816 nova
1274 3773 1395 3836 propo-

281 3933 302 3964 ⁴⁷
322 3937 367 3990 On
387 3937 435 3990 the
453 3937 626 4006 advantages
645 3938 677 3991 ol
692 3939 739 3992 the
751 3938 913 4008 Aphoristic
932 3956 1001 3994 over
1016 3939 1064 3994 the
1083 3940 1227 3994 Methodic
1245 3951 1395 3995 treatment

246 4018 278 4073 os
287 4036 304 4073 a
317 4020 426 4075 science
440 4021 529 4075 which
547 4020 570 4074 is
587 4020 642 4075 still
659 4020 688 4076 in
704 4021 741 4076 its
759 4023 875 4092 growth,
889 4039 932 4094 cp.
946 4024 992 4077 De
1004 4022 1181 4092 Augmentis,
1194 4023 1241 4077 lib.
1255 4023 1289 4077 vi.
1303 4040 1364 4092 cap.
1379 4038 1394 4077 2

248 4101 293 4197 (li.
304 4103 360 4157 and
374 4105 412 4169 S.,
421 4121 467 4174 pp.
477 4104 585 4174 665—6),
596 4104 687 4159 where
702 4107 797 4159 Bacon
811 4105 834 4159 is
848 4105 903 4160 still
915 4106 994 4160 fuller
1006 4106 1063 4160 and
1075 4121 1152 4160 more
1162 4105 1271 4176 explicit
1285 4107 1353 4160 than
1367 4107 1395 4160 in

247 4187 473 4340 thllsnpdpsrdhiriirg
489 4270 522 4324 os
535 4271 584 4326 the
597 4270 693 4340 ‘primi
713 4281 741 4326 et
759 4271 945 4342 antiquissimi
967 4271 1091 4327 veritatis
1110 4271 1303 4342 inquisitores:
1317 4273 1353 4327 he
1372 4273 1396 4328 is

247 4353 382 4423 probably
403 4353 534 4422 thinking
552 4354 582 4409 ol
599 4353 796 4425 Hippocrates,
812 4356 873 4410 who
892 4365 978 4411 wrote
997 4355 1025 4410 in
1044 4355 1220 4426 Aphorisms,
1234 4373 1266 4411 as
1284 4357 1345 4412 well
1364 4374 1396 4411 as

247 4436 279 4490 ol
292 4437 340 4490 the
356 4439 432 4506 early
446 4437 538 4492 Greek
556 4438 758 4510 philosophers,
773 4440 866 4495 whose
879 4439 995 4495 wisdom
1008 4457 1065 4494 was
1084 4439 1234 4496 contained
1248 4441 1276 4494 in
1289 4445 1396 4512 γνῶμαι,

248 4518 411 4589 sententiae,
425 4536 458 4574 or
470 4520 596 4576 mardms.
