3250 5138
283 341 347 424 568
664 341 820 400 uovuu
839 341 1055 399 ornantur.

285 515 348 577 ista
373 531 536 596 apparens
566 519 719 574 causatur
742 495 799 572 aut
826 526 884 590 per
909 501 1146 588 aequilibrium,
1170 512 1228 568 aut
1254 523 1321 587 per
1350 501 1456 564 abso-

285 613 389 680 lutam
411 612 735 696 pruedominantiam
766 619 927 674 motuum.
981 609 1042 672 Per
1070 607 1318 690 aequilibrium,
1351 615 1390 668 ut
1420 606 1454 666 iu

285 725 477 798 bilancibus,
504 744 590 807 quae
620 733 710 786 stant
736 721 763 786 si
793 741 900 804 aequa
925 721 991 784 sint
1017 722 1173 803 pondera.
1220 720 1284 782 Per
1305 716 1453 799 praedo·

286 831 492 906 minantium,
522 838 558 892 ut
589 829 621 891 in
655 827 782 909 hydriis
816 823 999 909 perforatis,
1031 824 1085 886 ubi
1116 823 1254 905 quiescit
1286 843 1382 904 aqua
1416 831 1452 882 et

286 934 451 997 detinetur
483 954 504 996 a
538 929 703 1008 decasu⁷⁸,
735 951 794 1014 per
823 928 1143 1011 praedomiuautiam
1181 937 1295 990 motus
1332 944 1450 988 nens.

287 1037 484 1101 Notandum
507 1046 619 1099 tamen
643 1045 693 1098 est
717 1029 767 1118 (ut
790 1030 951 1118 diximus)
972 1041 1134 1114 quatenus
1157 1031 1305 1094 nitantur
1328 1039 1450 1092 motus

288 1141 334 1204 illi
368 1139 630 1204 succumbentes.
686 1137 818 1202 Etenim
849 1137 874 1200 si
904 1137 979 1218 quis
1009 1155 1068 1219 per
1098 1135 1220 1198 luctam
1251 1135 1449 1198 detineatur

289 1255 445 1309 extensus
463 1245 495 1307 in
510 1254 606 1320 terra,
621 1242 764 1307 brachiis
785 1251 818 1306 et
839 1241 928 1305 tibiis
943 1240 1068 1314 vinctis,
1085 1249 1143 1302 aut
1160 1239 1256 1302 aliter
1273 1237 1446 1311 detentis3

289 1359 390 1431 atque
419 1349 473 1412 ille
504 1358 615 1412 tamen
645 1347 727 1410 totis
756 1345 880 1409 viribus
909 1363 1077 1426 resurgere
1111 1342 1254 1418 nitatur;
1292 1362 1362 1405 non
1394 1351 1445 1403 est

291 1455 397 1516 minor
417 1453 523 1528 nixus,
539 1451 616 1515 licet
637 1471 702 1514 non
726 1448 878 1533 proficiat
887 1445 922 1508 ⁷⁹.
971 1447 1081 1529 Hujus
1101 1457 1213 1510 autem
1229 1447 1273 1508 rei
1292 1445 1446 1508 conditio

290 1555 425 1642 (scilicet
442 1569 552 1620 utrum
572 1576 630 1638 per
643 1553 965 1635 praedominantiam
987 1561 1097 1615 motus
1116 1551 1332 1614 succumbens
1347 1547 1445 1630 quasi

290 1660 501 1737 annihiletur,
510 1679 553 1722 an
569 1659 680 1741 potius
690 1658 897 1722 continuetur
912 1657 1019 1733 nixus,
1032 1655 1108 1720 licet
1123 1675 1188 1717 non
1201 1653 1446 1736 conspiciatur),

291 1785 377 1846 quae
398 1763 479 1827 latet
504 1763 535 1825 in
558 1761 771 1834 conflictibus,
791 1761 966 1844 apparebit
987 1759 1124 1822 sortasse
1146 1759 1178 1820 in
1200 1756 1445 1822 concurrentiis.

294 1865 453 1948 Exempli
474 1867 600 1950 gratiam
624 1863 681 1928 fiat
704 1865 969 1948 experimentum
994 1865 1026 1926 in
1050 1862 1213 1944 sclopetis,
1228 1871 1338 1924 utrum
1359 1861 1446 1925 sclo-

293 1981 398 2055 petus‚
422 1989 484 2052 pro
507 1979 601 2033 tanto
628 1969 736 2052 spatio
761 1988 828 2049 quo
855 1969 987 2032 emittat
1011 1967 1113 2050 pilam
1141 1967 1173 2028 in
1200 1965 1293 2028 linea·
1309 1965 1447 2038 directa,

292 2075 361 2137 sive
383 2070 435 2157 (ut
457 2073 559 2155 vulgo
584 2070 778 2158 loquuntur)
800 2073 833 2136 in
856 2082 979 2156 puncto
1001 2071 1129 2147 blanco,
1149 2069 1342 2134 debiliorem
1366 2069 1448 2132 edat

294 2179 538 2262 percussionem
576 2176 772 2258 ejaculando
809 2177 841 2238 in
879 2195 988 2258 supra,
1021 2175 1078 2238 ubi
1117 2174 1230 2238 Motus
1266 2173 1357 2236 lctus
1396 2183 1447 2234 est

294 2280 446 2364 simplex,
469 2301 570 2362 quam
593 2283 741 2362 desuper,
763 2279 818 2342 ubi
843 2279 958 2344 Motus
981 2279 1161 2344 Gravitatis
1183 2277 1347 2342 concurrit
1369 2295 1448 2340 cum

296 2387 369 2449 Ictu
379 2383 415 2447 ⁸⁰.

297 2628 345 2680 the
356 2625 498 2693 following
510 2640 647 2694 passage:
668 2626 722 2678 ‘Et
736 2625 810 2680 hanc
823 2625 925 2694 agendi
939 2625 1069 2679 virtutem
1081 2624 1157 2678 omni
1172 2623 1344 2678 substantiae
1354 2623 1450 2678 inesse

298 2715 351 2780 aio,
365 2730 529 2784 semperque
546 2713 667 2782 aliquam
680 2731 714 2766 ex
731 2713 918 2768 coactionem
936 2713 1033 2781 nasci;
1060 2713 1187 2783 adeoque
1204 2729 1257 2766 nec
1272 2713 1364 2782 ipsam
1381 2713 1451 2766 sub-

298 2797 431 2852 stantiam
453 2813 616 2866 corpoream
637 2795 703 2864 (non
726 2797 817 2865 magis
838 2809 923 2868 quam
943 2796 1126 2867 spiritualem)
1148 2799 1184 2850 ab
1206 2796 1317 2865 agendo
1337 2813 1452 2850 cessare

298 2897 438 2950 unquam;
457 2881 531 2950 quod
545 2879 582 2932 illi
596 2897 651 2933 non
665 2880 732 2934 satis
746 2881 904 2951 percepisse
916 2880 1053 2946 videntur,
1063 2879 1109 2950 qui
1119 2879 1271 2935 essentiam
1280 2879 1340 2949 ejus
1350 2879 1380 2932 in
1390 2880 1451 2933 sola

297 2962 466 3030 extensione,
480 2963 522 3016 vel
535 2962 619 3016 etiam
632 2962 891 3032 impenetrabilitate
904 2965 1117 3030 collocaverunt,
1130 2973 1158 3018 et
1170 2979 1270 3032 corpus
1287 2962 1451 3016 omnimode

299 3046 444 3115 quiescens
456 3045 599 3115 concipere
609 3045 660 3100 sibi
672 3057 735 3100 sunt
746 3046 815 3101 visi!
848 3049 892 3102 De
903 3047 1014 3102 Primae
1026 3045 1222 3116 Philosophiae
1232 3046 1450 3110 Emendatioue,

299 3131 372 3182 Acta
386 3129 575 3194 Eruditorum,
593 3131 668 3196 1694.
705 3130 758 3184 Ed.
774 3131 928 3198 Erdmann,
942 3147 968 3200 p.
985 3144 1044 3184 122.

334 3214 356 3244 ru
379 3217 410 3268 ln
422 3215 429 3242 ‘
440 3218 534 3270 Motus
548 3217 711 3284 Secundus,'
719 3217 754 3272 he
766 3219 838 3273 adds
847 3219 895 3273 the
905 3217 1057 3288 important
1065 3219 1155 3272 words
1166 3216 1235 3271 ‘nisi
1246 3233 1277 3271 os
1287 3215 1404 3284 hydriae
1414 3217 1452 3270 ad

301 3303 508 3358 immittendum
520 3322 614 3358 aerem
627 3305 782 3374 aperiatur!
818 3308 912 3362 These
925 3308 1110 3376 phenomena,
1123 3307 1203 3360 when
1216 3321 1286 3359 once
1304 3304 1450 3370 observed,

300 3387 387 3453 ought
402 3396 431 3440 to
443 3387 514 3440 have
527 3387 572 3440 led
585 3397 615 3442 to
628 3389 675 3442 the
689 3388 833 3458 discovery
846 3391 876 3444 oi
885 3391 933 3445 the
945 3407 1073 3460 pressure
1086 3390 1118 3445 oi
1127 3391 1175 3444 the
1187 3388 1372 3457 atmosphere

336 3465 359 3497 ⁷⁹
377 3467 446 3522 This
460 3479 610 3523 statement
623 3470 654 3538 is,
668 3472 698 3526 oi
714 3490 819 3540 course,
832 3482 901 3528 true.
949 3475 975 3528 Α
988 3490 1073 3528 cause
1090 3475 1192 3542 always
1210 3481 1339 3542 operates
1355 3481 1385 3525 to
1404 3470 1452 3524 the

300 3551 349 3605 lull
362 3562 457 3606 extent
470 3553 500 3606 ol
514 3553 549 3606 its
562 3553 714 3622 efficiency,
728 3557 834 3624 though
848 3556 883 3610 its
896 3555 991 3611 effects
1008 3573 1073 3625 may
1085 3566 1133 3611 not
1150 3556 1186 3610 be
1203 3565 1348 3625 apparent,
1361 3553 1452 3622 owing

302 3645 330 3689 to
338 3634 385 3688 the
393 3634 485 3689 action
497 3637 528 3689 ol
533 3638 614 3691 other
623 3656 730 3705 causes,
740 3640 862 3694 whether
870 3640 1035 3708 concurring
1043 3657 1074 3694 or
1082 3637 1299 3707 counteracting.
1330 3637 1452 3706 Though

302 3735 319 3770 a
331 3717 437 3784 truism‚
451 3719 530 3772 when
544 3737 613 3774 once
627 3723 727 3787 stated,
740 3722 795 3776 this
808 3722 1013 3776 consideration
1027 3722 1050 3776 is
1062 3722 1137 3777 often
1150 3723 1203 3776 lost
1217 3721 1290 3790 sight
1303 3720 1338 3775 ol.

337 3800 359 3829 ‘⁵⁰
377 3801 447 3855 This
460 3819 579 3871 passage
592 3803 615 3857 is
625 3821 691 3872 very
701 3804 819 3870 curious,
830 3823 861 3858 as
874 3805 1001 3873 shewing
1013 3805 1074 3859 that
1087 3807 1182 3858 Bacon
1196 3805 1251 3859 had
1265 3821 1301 3858 no
1312 3803 1453 3873 suspicion

302 3885 372 3951 that,
385 3884 414 3938 in
427 3886 496 3938 both
510 3903 589 3940 cases
602 3885 683 3952 alike,
698 3887 746 3941 the
758 3888 833 3942 iorce
846 3888 879 3943 ol
886 3888 995 3958 gravity
1008 3888 1031 3942 is
1044 3888 1139 3956 acting
1150 3897 1179 3940 at
1192 3905 1276 3956 every
1288 3897 1414 3941 moment
1427 3887 1458 3940 oi

303 3968 350 4021 the
367 3967 531 4036 projectile's
549 3970 634 4038 path;
661 3987 712 4024 nor
727 3987 784 4024 was
802 3971 838 4025 he
856 3989 954 4038 aware,
967 3971 998 4026 os
1013 3987 1120 4037 course,
1133 3971 1194 4025 that
1209 3970 1257 4024 the
1274 3971 1341 4040 path
1359 3970 1392 4024 oi
1405 3971 1454 4024 the

303 4050 454 4119 projectile‚
469 4051 492 4104 if
504 4070 545 4107 we
558 4052 636 4108 leave
649 4062 696 4108 out
709 4054 741 4107 os
753 4065 872 4109 account
885 4055 933 4109 the
951 4055 1103 4109 resistance
1120 4054 1151 4108 oi
1165 4053 1212 4108 the
1230 4053 1417 4122 atntosphere,
1431 4053 1454 4106 is

304 4133 331 4186 in
345 4133 380 4185 all
394 4151 473 4188 cases
486 4153 503 4188 a
516 4137 655 4205 parabola
692 4137 755 4191 The
767 4137 939 4205 experiment
952 4139 1090 4207 proposed
1104 4137 1127 4191 is
1140 4147 1170 4190 to
1182 4135 1320 4190 ascertain
1338 4137 1402 4189 how
1413 4135 1456 4189 iar

304 4233 321 4268 a
334 4231 390 4283 gun
404 4217 455 4270 will
469 4233 549 4286 carry
562 4219 747 4288 point-blank,
760 4221 817 4274 and
831 4220 907 4285 then,
920 4221 1003 4288 firing
1015 4220 1076 4274 that
1090 4220 1227 4287 distance,
1241 4219 1300 4273 first
1314 4218 1455 4288 upwards,

304 4298 373 4352 then
388 4299 570 4366 downwards,
584 4311 613 4354 to
626 4319 758 4371 compare
771 4304 818 4358 the
831 4305 906 4358 force
919 4304 949 4357 ol
959 4302 1007 4357 the
1020 4312 1074 4358 two
1087 4303 1174 4357 shots.
1222 4305 1263 4357 As
1276 4303 1323 4358 the
1337 4300 1456 4371 velocity

305 4389 334 4433 at
353 4397 409 4449 any
426 4382 503 4451 point
522 4383 553 4436 of
568 4384 616 4438 the
634 4386 767 4453 parabola
786 4386 809 4440 is
822 4387 882 4441 that
900 4384 990 4439 which
1005 4386 1096 4440 would
1114 4387 1148 4440 be
1167 4385 1298 4454 acquired
1316 4384 1344 4439 in
1358 4385 1456 4454 falling

303 4461 374 4516 from
387 4464 434 4519 the
448 4464 583 4534 directrix,
596 4467 674 4523 there
691 4483 741 4522 can
758 4469 793 4524 be
810 4486 847 4522 no
862 4469 948 4523 doubt
965 4470 1026 4524 that
1042 4469 1089 4525 the
1107 4469 1266 4524 downward
1284 4469 1348 4524 shot
1363 4469 1456 4523 would
