3344 5152
274 363 336 426 186
718 371 976 428 PRAEFATIO.

272 533 379 600 suerit.
425 535 543 618 Itaque
565 525 627 600 ars¹
641 534 698 600 illa
720 533 918 613 dialecticae,
941 553 1014 598 sero
1037 530 1088 619 (ut
1111 531 1269 619 diximus)
1292 549 1420 613 cavens,

272 659 379 722 neque
403 660 472 703 rem
501 639 568 704 ullo
592 640 694 704 modo
717 641 899 714 restituens,
921 640 963 704 ad
990 659 1115 702 errores
1138 640 1249 722 potius
1273 639 1421 722 figendos

272 757 373 824 quam
403 744 446 807 ad
471 744 643 808 veritatem
670 744 887 832 aperiendam·
908 743 1026 807 valuit..
1066 743 1185 807 Restat
1212 744 1307 808 unica
1333 744 1422 808 salus

272 866 312 910 ac
330 848 462 924 sanitas,
483 856 520 911 ut
542 867 626 930 opus
649 849 768 912 mentis
791 848 976 912 universum
997 848 1040 911 de
1063 848 1193 930 integro
1217 857 1420 924 resumatur;

273 971 312 1015 ac
328 971 430 1029 mens,
447 949 517 1032 jam
538 951 581 1014 ab
602 952 675 1035 ipso
694 952 862 1035 principio,
883 949 974 1016 nullo
996 953 1097 1016 modo
1118 951 1180 1016 sibi
1202 953 1421 1034 permittatur,

272 1056 331 1119 sed
354 1065 513 1138 perpetuo
533 1065 684 1138 regatur3
707 1076 747 1120 ac
767 1075 818 1118 res
837 1053 939 1119 veluti
957 1075 1015 1137 per
1036 1055 1202 1120 machinas
1221 1054 1421 1119 conficiatur.

274 1157 363 1224 Sane
392 1160 419 1222 si
450 1159 601 1223 homines
630 1179 731 1242 opera
761 1159 951 1224 mechanica
980 1161 1077 1224 nudis
1107 1159 1266 1236 manibus,
1296 1160 1422 1242 absque

274 1264 564 1328 instrumentorum
593 1264 626 1327 vi
659 1274 693 1329 et
721 1284 794 1346 ope,
820 1264 965 1347 aggressi
990 1274 1108 1338 essent,
1139 1265 1421 1345 quemadmodum

273 1387 373 1450 opera
406 1366 639 1434 intellectualia
668 1369 765 1432 nudis
795 1368 861 1431 lere
891 1369 1011 1431 mentis
1035 1368 1158 1432 viribus
1183 1377 1326 1432 tractare
1355 1387 1422 1432 non

273 1471 475 1543 dubitarunt,
502 1491 624 1554 parvae
653 1472 835 1536 admodum
865 1470 1001 1536 luissent
1031 1492 1081 1536 res
1110 1491 1193 1554 quas
1223 1491 1355 1535 movere
1389 1481 1421 1534 et

272 1575 403 1639 vincere
422 1575 616 1657 potuissent,
633 1575 709 1639 licet
725 1596 842 1659 operas
860 1576 975 1639 enixas
993 1584 1094 1658 atque
1112 1575 1212 1638 etiarn
1232 1574 1422 1656 conjunctas

274 1679 523 1762 praestitissent.
569 1679 685 1762 Atque
700 1679 728 1743 si
744 1680 913 1763 paulisper
929 1679 1057 1756 morari,
1070 1689 1170 1762 atque
1186 1681 1219 1742 in
1235 1679 1298 1742 hoc
1314 1680 1421 1760 ipsum

273 1784 475 1865 exemplum,
497 1783 599 1848 veluti
623 1786 655 1848 in
677 1785 857 1867 speculum,
881 1785 999 1848 intueri
1022 1784 1180 1860 velimus3
1210 1784 1422 1866 exquiramus

274 1884 314 1973 (si
337 1885 459 1974 placet)
482 1888 509 1952 si
533 1888 617 1953 forte
639 1889 800 1953 obeliscus
823 1888 941 1971 aliquis
968 1888 1195 1971 magnitudine
1221 1888 1357 1970 insignis
1378 1887 1422 1950 ad

274 1992 434 2076 triumphi
459 1991 512 2056 vel
540 1993 731 2074 hujusmodi
759 1992 1024 2075 magnificentiae
1049 1992 1151 2056 decus
1180 1991 1422 2055 transferendus

275 2107 368 2174 esset,
389 2107 489 2179 atque
510 2096 543 2161 id
565 2097 717 2161 homines
739 2098 835 2161 nudis
856 2098 1008 2162 manibus
1028 2097 1295 2180 aggrederentur,
1314 2115 1422 2160 annon

274 2202 338 2266 hoc
359 2221 498 2284 magnae
516 2200 688 2283 cujusdam
708 2222 779 2266 esse
801 2202 989 2266 dementiae
1008 2209 1175 2284 spectator
1194 2201 1358 2282 quispiam
1377 2200 1422 2262 rei

274 2306 402 2370 sobrius
424 2305 602 2370 fateretur?
648 2305 748 2388 Quod
768 2307 796 2369 si
816 2325 990 2370 numerum
1011 2314 1170 2387 augerent
1190 2305 1423 2385 operariorum,

274 2418 376 2490 atque
404 2409 468 2474 hoc
499 2411 601 2474 modo
621 2430 663 2473 se
688 2410 798 2474 valere
823 2430 920 2492 posse
951 2408 1162 2485 confiderent,
1188 2428 1299 2471 annon
1328 2416 1422 2471 tanto

276 2509 403 2595 magis?
446 2512 506 2578 Sin
521 2524 632 2578 autem
649 2513 813 2578 delectum
830 2515 995 2597 quendam
1009 2513 1166 2576 adhibere
1182 2512 1310 2586 vellent,
1323 2522 1423 2592 atque

275 2616 502 2682 imbecilliores
527 2638 688 2700 separare,
715 2627 749 2682 et
772 2617 915 2682 robustis
936 2626 1069 2681 tantum
1096 2628 1129 2681 et
1152 2616 1339 2698 vigentibus
1366 2616 1423 2690 uti,

275 2730 375 2803 atque
403 2719 478 2786 hinc
505 2722 623 2784 saltem
652 2742 688 2785 se
717 2723 787 2786 voti
813 2731 985 2804 compotes
1013 2721 1082 2784 fore
1109 2730 1287 2804 sperarent,
1314 2739 1423 2783 annon

275 2825 384 2889 adhuc
399 2845 456 2888 eos
472 2825 651 2908 impensius
666 2826 803 2890 delirare
818 2827 966 2891 diceret?
1006 2823 1095 2906 Quin
1111 2825 1211 2887 etiam
1228 2825 1254 2887 si
1270 2822 1334 2887 hoc
1353 2823 1424 2905 ipso

274 2948 340 2992 non
364 2930 519 3002 contenti,
540 2939 645 2993 artem
669 2931 805 2994 tandem
828 2929 1018 2994 athleticam
1042 2929 1210 2993 consulere
1232 2936 1424 3001 statuerent,

276 3051 315 3095 ac
331 3052 446 3095 omnes
461 3033 616 3115 deinceps
635 3035 787 3098 manibus
806 3044 839 3098 et
859 3032 989 3097 lacertis
1007 3043 1041 3096 et
1060 3032 1167 3095 nervis
1185 3052 1229 3094 ex
1250 3040 1320 3094 arte
1340 3030 1425 3094 bene

276 3136 383 3200 unctis
405 3145 439 3199 et
462 3136 632 3201 medicatis
654 3139 771 3202 adesse
791 3137 955 3220 juberent,
977 3157 1086 3200 annon
1113 3155 1245 3219 prorsus
1267 3154 1324 3197 eos
1347 3135 1425 3197 dare

276 3259 411 3321 operam
441 3249 480 3304 ut
509 3260 584 3305 cum
622 3243 749 3306 ratione
785 3225 929 3323 quadam
967 3251 1000 3304 et
1038 3240 1212 3323 prudentia
1249 3239 1426 3301 insanirent

275 3342 454 3410 clamaret?
498 3344 613 3428 Atque
647 3345 798 3410 homines
829 3355 940 3410 tamen
970 3345 1068 3408 simili
1099 3343 1267 3407 malesano
1300 3343 1425 3424 impetu

276 3458 310 3513 et
332 3449 575 3531 conspiratione
598 3449 704 3512 inutili
726 3449 874 3513 seruntur
895 3450 928 3513 in
954 3449 1250 3522 intellectualibus3
1280 3448 1360 3511 dum
1383 3445 1425 3510 ab

277 3552 482 3635 ingeniorum
512 3552 564 3616 vel
595 3553 805 3618 multitudine
837 3565 870 3618 et
900 3573 1060 3619 consensu
1085 3551 1138 3615 vel
1167 3550 1363 3615 excellentia
1393 3559 1426 3612 et

276 3657 428 3720 acumine
451 3677 570 3739 magna
592 3668 735 3741 sperant,
752 3667 810 3722 aut
831 3659 932 3723 etiam
955 3657 1127 3723 dialectica
1142 3653 1241 3739 (quae
1262 3656 1425 3737 quaedam

276 3759 433 3824 athletica
452 3761 576 3824 censeri
597 3759 714 3846 possit)
730 3763 852 3826 mentis
870 3783 987 3827 nervos
1007 3761 1186 3838 roborant;
1208 3761 1267 3824 sed
1287 3759 1427 3835 interim,

277 3863 355 3928 licet
376 3874 471 3928 tanto
493 3866 604 3929 studio
627 3876 661 3930 et
690 3875 821 3942 conatu,
844 3864 884 3950 (si
907 3866 981 3949 quis
1001 3886 1077 3929 vere
1100 3859 1308 3947 judicaverit)
1331 3861 1426 3926 intel-

277 3968 399 4032 lectum
440 3970 566 4033 nudum
601 3970 767 4053 applicare
802 3990 868 4034 nou
903 3970 1063 4034 desinunt
1119 3967 1425 4032 Manifestissimum

276 4082 390 4136 autern
411 4083 471 4149 est,
491 4073 524 4135 in
544 4073 634 4136 omni
655 4093 755 4157 opere
774 4093 904 4157 magno,
924 4074 1013 4156 quod
1036 4092 1152 4137 manus
1170 4071 1313 4135 hominis
1332 4091 1426 4154 prae-

277 4184 353 4252 stat,
388 4176 459 4240 sine
488 4176 715 4242 instrumentis
750 4187 785 4242 et
819 4177 977 4242 machinis
1006 4179 1091 4242 vires
1127 4196 1188 4240 nec
1223 4175 1426 4257 singulorum

278 4280 404 4344 intendi
427 4300 486 4345 nec
509 4281 657 4345 omnium
681 4281 766 4346 coire
788 4302 893 4364 posse.

324 4384 442 4465 Itaque
456 4405 501 4448 ex
516 4384 567 4449 his
581 4405 667 4468 quae
684 4385 832 4450 diximus
850 4373 1046 4468 praemissis,
1062 4385 1239 4449 statuimus
1257 4384 1341 4447 duas
1359 4403 1429 4446 esse

279 4509 331 4552 res
353 4489 395 4552 de
415 4488 534 4570 quibus
553 4490 704 4554 homines
722 4489 819 4574 plane
840 4491 984 4554 monitos
1006 4488 1168 4566 volumus,
1190 4509 1231 4552 ne
1251 4488 1334 4552 forte
1355 4486 1430 4551 illae
