3344 5152
529 511 1040 611 PRAEFATIO.

257 763 333 849 QU1
355 768 398 832 de
419 777 546 847 natura,
565 777 724 852 tanquam
743 769 786 832 de
804 789 838 833 re
861 769 1043 853 explorata,
1059 765 1271 852 pronuntiare
1290 767 1363 832 ausi

213 879 297 946 sunt,
324 871 394 936 sive
424 872 488 938 hoc
517 893 561 936 ex
586 874 688 938 animi
718 871 839 938 fiducia
873 873 1007 939 fecerint
1033 873 1101 936 sive
1126 872 1303 936 ambitiose
1332 881 1365 935 et

214 993 306 1038 more
346 976 555 1058 professoria
592 978 747 1043 maximis
783 978 829 1041 illi
860 977 1106 1062 philosophiam
1143 987 1176 1041 et
1213 975 1365 1041 scientias

214 1077 418 1145 detrimentis
448 1081 595 1146 affecere.
641 1081 692 1147 Ut
718 1081 804 1148 enim
835 1083 878 1147 ad
909 1082 1009 1147 fidem
1039 1081 1223 1146 faciendam
1253 1079 1364 1156 validi,

214 1179 260 1244 ita
286 1184 386 1248 etiam
412 1188 456 1250 ad
484 1184 729 1270 inquisitionem
756 1187 1015 1270 extinguendam
1042 1195 1075 1250 et
1101 1186 1364 1268 abrumpendam

214 1285 360 1352 efficaces
382 1287 521 1354 suerunt.
567 1290 686 1374 Neque
708 1289 829 1355 virtute
851 1291 985 1374 propria
1009 1298 1139 1354 tantum
1163 1289 1364 1373 profuerunt,

214 1402 375 1471 quantum
391 1394 423 1457 in
438 1394 501 1460 hoc
520 1406 709 1472 nocuerunt,
725 1397 814 1478 quod
831 1395 971 1459 aliorum
985 1394 1141 1458 virtutem
1160 1393 1365 1476 corruperint

213 1507 246 1561 et
282 1500 494 1582 perdiderint.
541 1500 608 1584 Qui
639 1510 751 1566 autem
777 1501 974 1566 contrariam
1006 1500 1083 1564 huic
1109 1501 1197 1565 viam
1228 1498 1364 1583 ingressi

212 1613 288 1667 sunt
325 1614 427 1686 atque
458 1604 539 1668 nihil
572 1627 705 1688 prorsus
738 1604 812 1671 sciri
844 1627 942 1688 posse
974 1615 1191 1682 asseruerunt,
1220 1606 1290 1669 sive
1318 1624 1363 1668 ex

213 1706 435 1789 sophistarum
468 1718 616 1773 veterum
646 1709 725 1774 odio
755 1711 824 1774 sive
853 1730 896 1772 ex
927 1709 1029 1775 animi
1062 1708 1276 1774 fluctuatione
1305 1717 1364 1772 aut

214 1809 313 1874 etiam
333 1833 376 1875 ex
396 1814 541 1894 quadam
562 1814 732 1878 doctrinae
752 1814 848 1897 copia
866 1815 898 1876 in
916 1813 1003 1879 hanc
1024 1813 1212 1897 opinionem
1235 1811 1363 1896 delapsi

213 1915 285 1992 sint,
327 1925 415 1979 certe
450 1936 516 1980 non
554 1919 813 1982 contemnendas
849 1917 919 1998 ejus
956 1917 1097 1982 rationes
1131 1917 1363 1993 adduxerunt3

212 2029 426 2083 veruntamen
451 2040 512 2085 nec
536 2042 557 2084 a
583 2021 667 2084 veris
691 2021 792 2084 initiis
818 2022 1014 2086 sententiam
1045 2039 1140 2084 suam
1166 2020 1364 2097 derivarunt,

214 2131 256 2198 et,
271 2123 383 2187 studio
397 2126 544 2206 quodam
560 2132 662 2207 atque
676 2123 887 2190 assectatione
905 2123 1061 2208 provecti,
1077 2145 1209 2208 prorsus
1225 2124 1362 2189 modum

213 2237 433 2291 excesserunt.
477 2227 529 2292 At
566 2229 768 2312 antiquiores
804 2250 849 2293 ex
885 2228 1019 2293 Graecis
1049 2226 1204 2313 (quorum
1240 2229 1363 2312 scripta

213 2329 393 2414 perierunt)
415 2331 499 2396 inter
525 2333 758 2415 pronuntiandi
779 2333 974 2415 jactantiam
1001 2343 1035 2397 et
1056 2331 1281 2414 Acatalepsiae
1306 2334 1363 2397 de-

213 2435 431 2516 sperationem
448 2437 639 2518 prudentius
654 2459 689 2503 se
704 2437 948 2502 sustinuerunt:
972 2448 1072 2520 atque
1087 2438 1129 2501 de
1144 2436 1363 2519 inquisitionis

213 2537 408 2603 difficultate
433 2550 466 2604 et
493 2559 601 2605 rerum
627 2542 827 2607 obscuritate
853 2541 985 2624 saepius
1010 2541 1231 2623 querimonias
1254 2549 1288 2604 et
1314 2539 1362 2604 in·

212 2642 419 2724 dignationes
449 2645 633 2724 miscentes,
663 2657 697 2710 et
722 2645 823 2710 veluti
851 2645 997 2710 fraenum
1025 2646 1223 2722 mordentes,
1249 2653 1362 2708 tamen

212 2747 419 2830 propositum
446 2768 561 2830 urgere
589 2757 692 2833 atque
717 2760 854 2815 naturae
877 2770 915 2814 se
939 2748 1123 2813 immiscere
1152 2769 1219 2812 non
1246 2749 1362 2813 destit-

211 2861 325 2928 erunt;
357 2863 612 2916 consentaneum
643 2850 693 2938 (ut
722 2851 866 2938 videtur)
895 2853 1131 2928 existimantes,
1158 2851 1223 2916 hoc
1253 2853 1362 2935 ipsum

211 2951 376 3037 (videlicet
413 2964 522 3020 utrum
560 2955 683 3040 aliquid
720 2959 795 3022 sciri
834 2955 953 3042 possit)
986 2977 1051 3022 non
1088 2957 1266 3040 disputare,
1303 2957 1362 3020 sed

211 3059 364 3141 experiri.
408 3059 455 3124 Et
480 3070 593 3125 tamen
619 3060 666 3125 illi
692 3062 762 3146 ipsi,
786 3062 911 3144 impetu
938 3070 1068 3126 tantum
1096 3058 1278 3125 intellectus
1302 3061 1362 3139 usi,

211 3163 359 3246 regulam
384 3185 450 3228 non
472 3165 700 3244 adhibuerunt,
722 3168 780 3232 sed
808 3167 920 3230 omnia
946 3166 979 3229 in
1002 3167 1067 3231 acri
1091 3165 1307 3229 meditatione
1328 3175 1362 3229 et

212 3269 332 3332 mentis
347 3267 553 3334 volutatione
568 3281 601 3335 et
616 3269 799 3352 agitatione
817 3279 978 3354 perpetua
993 3277 1186 3354 posuerunt.

254 3372 379 3437 Nostra
405 3384 518 3438 autem
544 3375 638 3452 ratio,
664 3385 701 3439 ut
727 3394 827 3458 opere
850 3374 963 3451 ardua,
987 3375 1034 3439 ita
1060 3375 1150 3439 dictu
1174 3373 1277 3438 facilis
1300 3382 1360 3438 est.

211 3475 263 3540 Ea
294 3478 381 3540 enim
407 3488 469 3553 est,
498 3486 536 3541 ut
562 3478 766 3543 certitudinis
798 3479 920 3562 gradus
951 3477 1199 3551 constituamus,
1228 3497 1360 3541 sensum

209 3596 269 3658 per
298 3578 522 3642 reductionem
548 3579 716 3660 quandam
742 3588 904 3654 tueamur,
930 3577 988 3642 sed
1015 3578 1134 3642 mentis
1160 3597 1246 3660 opus
1271 3577 1362 3660 quod

209 3695 341 3740 sensum
368 3678 577 3760 subsequitur
602 3677 784 3761 plerunque
809 3677 1012 3760 rejiciamus;
1046 3697 1165 3742 novam
1192 3688 1304 3742 autem
1327 3687 1361 3742 et

209 3791 334 3845 certam
360 3783 459 3860 viam,
481 3782 524 3845 ab
548 3780 627 3866 ipsis
652 3802 807 3846 sensuum
833 3782 1106 3866 perceptionibus,
1129 3783 1232 3845 menti
1254 3781 1361 3865 aperi-

209 3904 304 3949 amus
326 3895 360 3950 et
383 3884 581 3950 muniamus.
625 3885 743 3968 Atque
762 3886 826 3951 hoc
848 3887 1064 3970 proculdubio
1085 3887 1236 3950 viderunt
1259 3897 1293 3951 et
1314 3886 1360 3950 illi

209 3989 265 4070 qui
285 3997 396 4053 tantas
414 3989 606 4055 dialecticae
623 3999 733 4072 partes
751 3990 946 4054 tribuerunt.
993 3989 1049 4052 Ex
1070 4008 1137 4071 quo
1156 3989 1268 4071 liquet,
1286 3989 1360 4054 illos

208 4091 387 4158 intellectui
416 4093 616 4158 adminicula
645 4094 852 4175 quaesivisse,
878 4093 997 4157 mentis
1027 4103 1139 4156 autem
1169 4111 1360 4174 processum

208 4196 356 4260 nativum
397 4206 431 4262 et
467 4208 588 4280 sponte
629 4187 819 4262 moventem
855 4207 1045 4280 suspectum
1081 4195 1244 4260 habuisse.
1291 4194 1358 4260 Sed

208 4319 317 4363 serum
340 4299 438 4384 plane
461 4300 558 4365 rebus
584 4301 721 4384 perditis
747 4300 811 4365 hoc
832 4299 1008 4365 adhibetur
1033 4299 1235 4374 remedium;
1265 4308 1359 4380 post-

208 4423 308 4486 quam
329 4424 431 4483 mens,
447 4426 492 4468 ex
507 4404 699 4486 quotidiana
713 4402 801 4468 vitae
816 4404 1061 4482 consuetudine,
1080 4412 1114 4467 et
1131 4403 1359 4467 auditionibus

208 4516 242 4571 et
265 4508 421 4573 doctrinis
445 4508 622 4592 inquinatis
648 4519 819 4591 occupata,
842 4519 876 4573 et
897 4506 1083 4572 vanissimis
1105 4502 1202 4573 idolis
1224 4507 1358 4572 obsessa
