3344 5152
298 373 358 438 168
744 381 1000 440 PRAEFATIO.

296 552 407 633 quoad
438 550 558 624 divina,
589 550 784 614 contineant.
831 547 953 612 Sensus
982 547 1069 611 enim
1096 545 1212 632 (instar
1238 545 1330 631 solis)
1356 547 1446 631 globi

296 655 459 719 terrestris
478 655 593 720 faciem
612 654 727 738 aperit,
746 651 898 718 coelestis
912 651 1034 716 claudit
1050 661 1083 715 et
1104 653 1267 736 obsignat.
1314 653 1449 730 Rursus

217 795 222 808 ·
299 780 339 822 ne
360 758 497 841 hujusce
517 758 594 822 mali
615 757 692 839 iuga
714 757 746 820 in
767 758 966 822 contrarium
988 766 1143 840 peccent;
1167 759 1257 838 quod
1273 767 1360 822 certe
1384 757 1449 834 fiet,

297 866 323 927 si
348 875 484 929 naturae
507 863 751 948 inquisitionem
773 861 840 926 ulla
860 883 905 926 ex
927 873 1019 945 parte
1039 862 1140 926 veluti
1163 862 1336 926 interdicto
1355 883 1450 944 sepa-

298 980 403 1034 ratam
426 981 555 1053 putant.
601 969 719 1051 Neque
743 967 830 1031 enim
853 987 935 1051 pura
955 966 1010 1030 illa
1030 977 1063 1031 et
1084 968 1297 1032 immaculata
1317 967 1451 1032 scientia

297 1075 463 1150 naturalis
482 1095 540 1156 per
562 1093 662 1155 quam
683 1071 797 1136 Adam
820 1073 956 1136 nomina
978 1093 1022 1134 ex
1045 1074 1247 1155 proprietate
1270 1072 1367 1136 rebus
1390 1073 1450 1134 im-

300 1180 420 1261 posuit,
443 1178 637 1261 principium
661 1188 718 1240 aut
741 1176 948 1240 occasionem
971 1175 1078 1258 lapsui
1101 1177 1201 1240 dedit
1249 1175 1316 1241 Sed
1344 1175 1450 1239 ambi-

299 1282 385 1346 tiosa
411 1281 467 1345 illa
493 1289 527 1346 et
554 1280 747 1363 imperativa
774 1280 928 1344 scientiae
953 1279 1093 1358 moraliS,
1115 1281 1158 1344 de
1185 1279 1273 1343 bono
1299 1290 1332 1342 et
1362 1278 1451 1342 malo

299 1385 516 1467 dijudicantis,
539 1385 712 1468 cupiditas,
735 1385 779 1448 ad
805 1383 868 1447 hoe
895 1393 931 1447 ut
959 1383 1072 1448 Homo
1095 1405 1115 1447 a
1139 1384 1212 1448 Deo
1239 1383 1394 1448 deficeret
1418 1393 1451 1446 et

299 1489 361 1554 sibi
379 1489 442 1570 ipsi
459 1488 549 1572 leges
569 1489 672 1564 daret,
689 1509 728 1551 ea
748 1488 883 1551 demum
905 1488 989 1552 ratio
1009 1499 1110 1570 atque
1125 1489 1245 1552 modus
1259 1487 1451 1552 tentationis

298 1593 368 1657 fuit.
415 1594 467 1657 De
483 1593 623 1658 scientiis
638 1603 750 1656 autem
766 1613 852 1674 quae
872 1602 1024 1655 naturam
1040 1592 1303 1676 contemplantur
1318 1602 1452 1656 sanctus

299 1697 355 1761 ille
385 1695 601 1780 philosophus
633 1696 833 1779 pronuntiat,
867 1694 1015 1759 Gloriam
1045 1694 1114 1759 Dei
1139 1717 1204 1759 esse
1229 1695 1331 1760 celare
1355 1715 1450 1769 rem:

292 1802 438 1885 gloriam
463 1801 554 1884 regis
577 1811 686 1866 autem
712 1821 781 1864 rem
808 1800 979 1864 invenire:
1011 1821 1077 1864 non
1103 1800 1197 1864 aliter
1223 1821 1262 1865 ac
1288 1799 1314 1863 si
1342 1801 1452 1864 divina

300 1917 416 1971 natura
437 1906 603 1970 innocenti
623 1916 657 1970 et
678 1905 841 1970 benevolo
862 1925 1037 1987 puerorum
1056 1904 1135 1968 ludo
1154 1904 1379 1984 delectaretur,
1394 1906 1451 1988 qui

300 2010 376 2074 ideo
396 2031 432 2074 se
453 2011 660 2075 abscondunt
682 2019 718 2073 ut
739 2009 965 2084 inveniantur3
987 2017 1088 2090 atque
1103 2007 1250 2072 animam
1270 2009 1451 2073 humanam

300 2114 361 2178 sibi
378 2112 572 2178 collusorem
589 2111 621 2175 in
637 2113 701 2176 hoc
717 2112 796 2176 ludo
812 2132 872 2194 pro
892 2133 951 2175 sua
972 2111 1006 2174 in
1028 2110 1178 2175 homines
1199 2112 1404 2196 indulgentia
1418 2120 1452 2176 et

300 2217 449 2282 bonitate
466 2216 681 2301 cooptaverit.
727 2215 899 2280 Postremo
914 2236 1030 2280 omnes
1050 2215 1082 2278 in
1103 2216 1290 2279 universum
1308 2218 1452 2281 monitos

300 2323 461 2401 volumus,
478 2333 514 2387 ut
528 2322 685 2388 scientiae
698 2343 792 2386 veros
808 2321 888 2384 fines
903 2321 1071 2404 cogitent;
1095 2341 1155 2386 nec
1175 2343 1250 2386 eam
1271 2332 1328 2385 aut
1350 2322 1451 2385 animi

300 2449 399 2493 causa
415 2437 539 2510 petant,
556 2437 612 2492 aut
628 2428 671 2491 ad
687 2426 942 2501 contentionem,
958 2434 1016 2489 aut
1035 2434 1071 2489 ut
1087 2426 1169 2489 alios
1185 2425 1378 2508 despiciant,
1394 2436 1450 2490 aut

301 2532 344 2596 ad
365 2532 589 2607 commodum,
606 2540 663 2594 aut
684 2532 726 2594 ad
750 2529 883 2607 samam,
904 2539 961 2594 aut
983 2530 1026 2592 ad
1050 2531 1243 2614 potentiam,
1260 2541 1317 2593 aut
1339 2528 1453 2611 hujus·

303 2635 395 2699 modi
414 2631 592 2710 'inferiora;
626 2636 685 2698 sed
707 2632 751 2696 ad
779 2632 932 2696 meritum
959 2643 992 2696 et
1019 2653 1097 2696 usus
1118 2633 1226 2710 vitae3
1257 2652 1397 2715 eamque
1420 2634 1452 2696 in

303 2738 465 2804 charitate
488 2738 659 2822 perficiant
681 2746 716 2802 et
742 2747 866 2820 regant.
912 2735 968 2799 Ex
995 2737 1145 2820 appetitu
1173 2738 1260 2802 enim
1284 2738 1453 2819 potentiae

300 2842 410 2927 angeli
434 2843 517 2926 lapsi
535 2853 631 2918 sunt3
653 2862 698 2905 ex
718 2842 869 2925 appetitu
890 2840 1054 2914 scientiae,
1074 2841 1244 2918 homines;
1268 2842 1325 2905 sed
1347 2839 1452 2906 chari-

302 2948 381 3012 tatis
408 2968 472 3011 non
499 2956 549 3011 est
575 2966 751 3022 excessus3
782 2965 889 3027 neque
915 2945 1053 3026 angelus
1082 2954 1140 3009 aut
1164 2945 1265 3010 homo
1293 2965 1351 3028 per
1378 2963 1452 3009 eam

303 3072 449 3133 unquam
473 3049 505 3114 in
529 3049 710 3134 periculum
732 3049 830 3113 venit.

348 3151 519 3218 Postulata
549 3162 660 3217 autem
691 3162 802 3216 nostra
833 3173 918 3235 quae
953 3150 1121 3216 afferimus
1150 3151 1230 3217 talia
1259 3159 1345 3216 sunt.
1400 3152 1453 3215 De

304 3259 400 3322 nobis
429 3258 510 3340 ipsis
535 3256 688 3321 silemus:
720 3258 763 3320 de
790 3277 823 3320 re
850 3267 962 3320 autem
992 3277 1075 3340 quae
1104 3256 1212 3339 agitur
1238 3258 1391 3339 petimus,
1416 3266 1453 3319 ut

303 3363 454 3427 homines
473 3383 547 3427 eam
568 3381 634 3426 non
655 3361 845 3444 opinionem
866 3361 925 3424 sed
946 3383 1031 3445 opus
1051 3381 1121 3425 esse
1142 3361 1310 3444 cogitent;
1333 3382 1372 3425 ac
1392 3379 1454 3444 pro

305 3477 395 3532 certo
410 3465 565 3542 habeant,
582 3485 647 3529 non
663 3475 774 3530 sectae
789 3487 849 3529 nos
864 3464 1000 3548 alicujus
1015 3477 1072 3530 aut
1089 3465 1211 3550 placiti,
1227 3467 1284 3530 sed
1301 3465 1453 3530 utilitatis

306 3580 340 3635 et
355 3570 583 3654 amplitudinis
597 3570 763 3633 humanae
777 3570 994 3635 fundamenta
1015 3570 1130 3634 moliri.
1177 3571 1308 3634 Deinde
1330 3579 1367 3634 ut
1386 3570 1454 3633 suis

305 3675 491 3738 commodis
520 3673 627 3756 aequi,
657 3674 768 3738 exutis
794 3673 986 3756 opinionum
1014 3673 1091 3737 zelis
1116 3683 1149 3738 et
1176 3674 1393 3757 praejudiciis,
1421 3671 1454 3735 in

305 3798 481 3844 commune
509 3777 700 3853 consulant3
733 3799 772 3841 ac
794 3778 838 3841 ab
857 3778 1021 3842 erroribus
1044 3779 1170 3841 viarum
1193 3788 1293 3860 atque
1316 3777 1453 3860 impedi·

307 3883 435 3957 mentis,
459 3883 578 3946 nostris
601 3882 772 3966 praesidiis
794 3892 828 3945 et
850 3881 991 3959 auxiliis,
1007 3881 1134 3946 liberati
1157 3891 1190 3946 et
1213 3881 1340 3958 muniti,
1363 3881 1453 3945 labo·

308 4008 379 4050 rum
407 3985 463 4070 qui
494 3995 619 4056 restant
649 3995 684 4050 et
710 3985 772 4070 ipsi
799 3986 833 4050 in
859 3996 988 4068 partem
1014 3986 1157 4051 veniant.
1207 3986 1391 4062 Praeterea,
1419 3995 1455 4048 ut

306 4091 389 4155 bene
419 4100 569 4172 sperent;
600 4111 708 4172 neque
737 4089 1015 4154 Instaurationem
1045 4100 1202 4167 nostram,
1229 4099 1265 4154 ut
1294 4090 1454 4172 quiddam

307 4193 468 4258 infinitum
500 4202 534 4258 et
564 4193 652 4259 ultra
689 4191 837 4268 mortale,
868 4192 994 4275 fingant
1032 4202 1065 4256 et
1102 4194 1213 4256 animo
1250 4193 1455 4275 concipiant;

306 4319 408 4382 quum
446 4317 557 4362 revera
593 4297 636 4360 sit
675 4296 793 4362 infiniti
824 4297 942 4361 erroris
979 4296 1052 4362 finis
1090 4307 1123 4361 et
1162 4297 1319 4362 terminus
1349 4296 1455 4379 legiti-

309 4423 404 4478 mus;
436 4401 649 4466 mortalitatis
675 4410 785 4465 autem
811 4410 845 4465 et
870 4401 1084 4464 humanitatis
1111 4422 1177 4466 non
1205 4403 1246 4465 sit
1272 4401 1456 4476 immemor,

306 4525 409 4589 quum
433 4526 502 4570 rem
525 4525 590 4569 non
614 4505 698 4570 intra
718 4506 812 4570 unius
832 4506 950 4571 aetatis
972 4505 1167 4571 curriculum
1188 4505 1324 4570 omnino
1346 4505 1457 4590 perfici
