3280 5238
660 404 739 462 ΜΒ.
762 406 803 464 ΙΙ.
827 417 880 478 40.
1274 419 1337 485 499

189 578 464 658 reconciliantur3
496 578 573 664 quia
593 579 626 642 in
648 578 711 642 illis
730 579 864 662 spiritus
884 579 1052 658 emittitur,
1071 579 1103 644 in
1123 580 1175 644 his
1194 580 1339 664 agitatur

188 696 222 750 et
245 685 432 750 detinetur:
463 705 603 767 quorum
630 685 793 768 posterius
817 695 867 748 est
891 685 978 748 actio
1002 685 1134 768 propria
1160 685 1278 749 caloris
1305 696 1339 750 et

187 790 342 872 spiritus;
374 789 471 873 prius,
497 789 584 854 actio
607 788 750 870 partium
776 788 985 872 tangibilium
1008 798 1139 852 tantum
1164 809 1223 872 per
1245 809 1338 854 occa·

187 894 313 957 sionem
329 893 462 976 spiritus
478 893 598 956 emissi.

231 996 299 1061 Ast
315 998 371 1062 ubi
387 997 521 1079 spiritus
536 1017 596 1061 nec
611 996 777 1061 detinetur
792 1018 924 1081 prorsus
939 1017 998 1062 nec
1018 1017 1150 1080 prorsus
1171 997 1339 1074 emittitur,

189 1100 248 1165 sed
264 1110 394 1164 tantum
412 1103 496 1164 inter
511 1099 654 1165 claustra
675 1121 734 1164 sua
750 1109 858 1165 tentat
875 1111 909 1165 et
929 1102 1105 1184 experitur,
1121 1111 1222 1184 atque
1242 1112 1340 1166 nacta

189 1215 240 1269 est
255 1215 366 1287 partes
381 1204 559 1288 tangibiles
574 1205 766 1268 obedientes
783 1214 815 1268 et
831 1225 989 1287 sequaces
1005 1205 1037 1266 in
1058 1215 1224 1288 promptu,
1241 1205 1288 1269 ita
1303 1215 1339 1269 ut

188 1329 255 1390 quo
285 1309 418 1391 spiritus
447 1309 516 1392 agit
543 1329 601 1372 eae
628 1308 727 1372 simul
754 1320 954 1392 sequantur3
988 1319 1060 1373 tum
1086 1330 1164 1372 vero
1192 1310 1340 1391 sequitur

189 1412 375 1476 efformatio
396 1413 428 1475 in
449 1433 567 1497 corpus
588 1413 788 1496 organicum,
808 1422 842 1477 et
863 1413 1123 1491 membrificatio,
1142 1423 1175 1477 et
1196 1412 1340 1495 reliquae

189 1517 336 1584 actiones
365 1515 492 1594 vitales,
519 1526 588 1580 tam
620 1517 652 1579 in
679 1517 919 1600 vegetabilibus
945 1537 1046 1600 quarn
1073 1516 1106 1580 in
1133 1517 1344 1582 animalibus

189 1620 306 1702 Atque
330 1620 412 1684 haec
436 1620 582 1684 maxime
608 1620 816 1684 deducuntur
841 1622 885 1686 ad
911 1641 1043 1684 sensum
1070 1641 1129 1704 per
1153 1621 1340 1685 notationes

190 1723 365 1807 diligentes
380 1725 560 1807 primorum
576 1724 790 1805 incoeptuum
810 1734 843 1788 et
862 1725 1122 1788 rudimentorum
1144 1725 1214 1788 sive
1233 1734 1341 1789 tenta-

191 1837 375 1891 mentorum
398 1828 486 1892 vitae
509 1829 541 1890 in
564 1827 770 1892 animalculis
790 1849 837 1891 ex
860 1829 1100 1910 putrefactione
1122 1830 1226 1892 natis:
1250 1837 1286 1892 ut
1309 1828 1341 1891 in

189 1931 261 1995 ovis
287 1932 504 2005 formicarum,
535 1931 710 2006 vermibus,
743 1931 872 2006 muscis,
898 1933 985 1995 ranis
1008 1941 1082 2016 post
1107 1932 1256 2009 imbrem,
1281 1931 1340 1996 dic.

191 2035 383 2118 Requiritur
397 2045 508 2100 autem
525 2037 567 2099 ad
583 2035 838 2102 vivificationem
854 2044 888 2099 et
905 2034 1022 2100 lenitas
1043 2034 1160 2102 caloris
1181 2046 1214 2100 et
1236 2034 1342 2100 lentor

189 2140 355 2223 corporis;
379 2149 415 2201 ut
438 2140 571 2222 spiritus
594 2159 654 2202 nec
678 2158 736 2223 per
759 2138 1001 2203 festinationem
1024 2149 1184 2221 erumpat,
1200 2158 1260 2202 nec
1284 2160 1342 2223 per

191 2243 433 2308 contumaciam
445 2245 588 2327 partium
604 2251 800 2320 coerceatur,
812 2243 891 2324 quin
909 2243 1020 2325 potius
1035 2243 1077 2307 ad
1095 2263 1190 2308 cerae
1202 2244 1340 2307 modum

191 2346 264 2412 illas
279 2346 399 2431 plicare
416 2358 449 2411 et
465 2347 619 2430 effingere
633 2347 748 2431 possit.

235 2451 373 2526 Rursus,
386 2451 570 2515 differentia
583 2450 637 2514 illa
652 2452 796 2535 spiritus,
809 2451 954 2514 maxime
970 2450 1089 2516 nobilis
1101 2460 1134 2515 et
1146 2451 1188 2516 ad
1202 2450 1342 2536 plurima

191 2557 359 2641 pertinens
391 2553 467 2640 (viz.
498 2556 631 2639 spiritus
661 2556 805 2630 abscissi,
836 2555 956 2619 ramosi
984 2535 1190 2639 simpliciter,
1221 2557 1342 2620 ramosi

132 2727 134 2736 ,
191 2660 289 2724 simul
323 2671 356 2725 et
390 2659 553 2735 cellulati;
589 2681 634 2724 ex
668 2661 787 2742 quibus
823 2662 913 2745 prior
945 2670 994 2723 est
1027 2659 1161 2742 spiritus
1194 2661 1342 2724 omnium

191 2785 364 2848 corporum
389 2765 655 2842 inanimatorum,
681 2765 846 2829 secundus
868 2763 1111 2846 vegetabilium,
1133 2765 1251 2827 tertius
1273 2765 1343 2827 ani-

192 2867 352 2953 mallum),
380 2889 438 2952 per
468 2868 625 2952 plurimas
658 2868 831 2933 instantias
857 2867 1067 2933 deductorias
1094 2877 1253 2949 tanquam
1280 2867 1342 2931 sub

191 2971 305 3037 oculos
320 2973 463 3056 ponitur.

237 3075 397 3140 Similiter
421 3087 522 3160 patet,
548 3078 638 3160 quod
665 3077 850 3141 subtiliores
876 3084 1031 3140 texturae
1058 3083 1092 3140 et
1118 3074 1343 3140 schematismi

194 3202 302 3245 rerum
319 3179 408 3266 (licet
424 3192 499 3246 toto
520 3202 658 3266 corpore
675 3180 851 3244 visibilium
871 3191 928 3244 aut
949 3176 1174 3264 tangibilium)
1196 3200 1256 3243 nec
1275 3201 1344 3245 cer·

193 3295 315 3348 nantur
330 3305 389 3349 nec
404 3296 604 3368 tangantur.·
637 3285 750 3368 Quare
766 3286 799 3347 in
814 3284 866 3348 his
881 3305 1015 3366 quoque
1033 3304 1091 3367 per
1112 3284 1343 3348 deductionem

192 3390 344 3471 procedit
360 3377 561 3453 informatio.'
601 3389 651 3454 At
666 3389 851 3453 differentia
867 3387 1174 3452 schematismorum
1196 3389 1344 3450 maxime

193 3493 343 3558 radicalis
367 3503 401 3558 et
419 3495 576 3576 primaria
596 3495 735 3556 sumitur
753 3514 797 3555 ex
816 3493 912 3576 copia
932 3491 984 3555 vel
1005 3492 1169 3575 paucitate
1189 3493 1344 3556 materiae

193 3617 279 3679 quae
310 3598 400 3660 subit
434 3597 522 3661 idem
555 3599 700 3682 spatium
733 3599 802 3660 sive
834 3597 1030 3660 dimensum.
1092 3595 1225 3678 Reliqui
1256 3597 1343 3659 enim

193 3699 416 3765 schematismi
435 3697 506 3786 (qui
526 3702 709 3765 reseruntur
728 3701 770 3763 ad
791 3699 1064 3764 dissimilaritates
1084 3698 1239 3781 partium,
1260 3720 1345 3783 quae

193 3805 226 3867 in
252 3806 369 3868 eodem
396 3825 533 3889 corpore
556 3805 778 3878 continentur,
802 3813 837 3868 et
858 3801 1092 3867 collocationes
1116 3823 1155 3868 ac
1180 3803 1344 3887 posituras

195 3905 388 3993 earundem)
403 3929 482 3991 prae
498 3908 554 3972 illo
570 3908 674 3972 altero
689 3916 766 3971 sunt
781 3907 973 3971 secundarii.

370 4100 408 4153 At
428 4099 503 4154 coria
521 4109 549 4154 et
568 4115 682 4153 carnem
701 4097 786 4152 trahit
804 4106 832 4152 et
851 4097 982 4152 conducit
1001 4096 1029 4150 in
1048 4113 1144 4152 unum.

371 4184 463 4238 Umor
481 4200 570 4254 aquae
589 4198 671 4252 porro
689 4181 791 4236 ferrum
810 4180 945 4234 condurat
964 4180 1001 4234 ab
1020 4178 1086 4249 igni,

371 4267 409 4321 At
428 4267 504 4321 coria
521 4275 549 4321 et
568 4283 681 4321 carnem
699 4263 786 4320 mollit
805 4265 905 4318 durata
923 4263 1032 4318 calore!

229 4349 305 4420 Virg.
320 4350 380 4405 Ecl.
393 4349 448 4404 viii.
462 4351 513 4406 80:

354 4433 467 4488 ‘Limus
485 4443 516 4488 ut
534 4433 580 4488 hic
599 4431 728 4500 durescit,
747 4441 775 4486 et
794 4431 865 4486 haec
882 4441 912 4485 ut
931 4447 996 4485 cera
1014 4428 1141 4501 liquescit

373 4517 441 4574 Uno
458 4516 614 4588 eodemque
633 4515 698 4587 igni,
717 4515 758 4570 sic
775 4524 871 4570 nostro
891 4513 1020 4586 Daphnis
1039 4513 1150 4570 amore)

724 4603 824 4668 xka
