3250 5138
614 367 694 423 arn.
719 368 760 424 rr.
784 371 836 441 50·
1238 372 1303 442 575

151 533 207 598 sed
224 531 457 609 transitoriam,
474 544 508 599 et
523 531 683 597 nitentem
699 552 831 618 semper
846 532 888 598 ad
908 532 1150 598 restitutionem
1169 542 1202 598 et
1221 534 1303 599 libe·

150 637 312 702 rationem
328 637 387 702 sui.
418 638 582 702 Attamen
599 657 665 701 non
680 638 740 701 abs
756 658 791 701 re
807 638 891 701 soret
907 637 1005 718 hujus
1021 638 1065 702 rei
1079 638 1186 702 lacere
1200 658 1303 721 expe-

151 742 292 805 rimenta
306 740 417 824 aliqua
432 741 662 824 diligentiora3
686 742 729 805 ad
745 741 809 806 hoc
820 741 956 818 scilicet,
968 751 1077 805 utrum
1090 741 1304 806 condensatio

149 841 1305 928 mmmmmfflmwfflwmfflfflwfflmmmw

151 947 264 1034 modi),
277 959 335 1013 aut
347 948 520 1013 rarefactio
532 949 683 1013 similiter
693 969 752 1032 per
763 949 956 1014 violentiam
968 949 1081 1026 indita,
1094 949 1222 1032 possint
1234 947 1304 1013 fieri

149 1062 339 1117 constantes
362 1061 396 1116 et
418 1052 507 1116 fixae
529 1059 562 1115 et
583 1053 678 1135 quasi
699 1063 847 1117 mutatae
868 1053 900 1116 in
921 1061 1073 1117 naturam
1083 1051 1106 1116 ⁴.
1153 1053 1192 1116 Id
1212 1054 1302 1135 quod

149 1158 259 1239 primo
275 1157 511 1240 experiendum
526 1177 586 1240 per
602 1177 728 1220 moram
744 1156 948 1239 simplicem;
972 1157 1092 1220 deinde
1106 1177 1166 1241 per
1180 1155 1304 1222 auxilia

148 1268 183 1325 et
197 1281 381 1324 consensus.
410 1259 525 1343 Atque
540 1258 619 1324 illud
636 1261 731 1325 nobis
744 1260 775 1323 in
792 1271 949 1344 promptu
964 1260 1079 1324 suisset
1094 1256 1135 1343 (si
1151 1261 1252 1324 modo
1269 1260 1300 1324 in

152 1373 296 1428 mentem
310 1362 477 1449 venisset),
493 1384 568 1429 cum
584 1384 705 1448 aquam
721 1361 777 1449 (de
793 1385 859 1447 qua
874 1364 953 1428 alibi
964 1363 991 1450 ὃ)
1003 1385 1061 1448 per
1077 1363 1303 1428 malleationes

151 1479 184 1533 et
197 1469 360 1552 pressoria
369 1469 652 1544 condensavimus,
663 1479 841 1551 antequam
852 1479 1047 1552 erumperet.
1074 1468 1303 1533 Debueramus

151 1573 238 1636 enim
251 1573 426 1655 sphaeram
439 1575 683 1655 complanatam
696 1593 755 1655 per
766 1573 893 1655 aliquot
905 1572 976 1636 dies
991 1572 1052 1636 sibi
1064 1571 1257 1655 permisisse,
1269 1583 1303 1636 et

151 1686 222 1740 tum
235 1676 369 1740 demum
382 1697 502 1759 aquam
516 1679 720 1756 extraxisse3
740 1687 776 1741 ut
794 1675 888 1741 fieret
902 1677 1177 1761 experimentum,
1193 1687 1302 1740 utrum

151 1781 265 1844 statim
285 1779 461 1862 impletura
482 1780 596 1845 luisset
617 1781 719 1845 talem
738 1780 988 1856 dimensionem,
1007 1780 1140 1863 qualern
1158 1780 1303 1844 habebat

151 1895 228 1950 ante
242 1885 545 1949 condensationem.
573 1883 673 1967 Quod
686 1885 713 1947 si
725 1905 790 1948 non
802 1885 932 1948 lecisset
944 1893 1001 1948 aut
1015 1885 1137 1956 statim,
1148 1894 1206 1948 aut
1216 1894 1304 1948 certe

152 1987 252 2072 paulo
268 1997 352 2071 post,
365 1999 521 2052 constans
532 1989 686 2053 videlicet
698 1987 785 2053 sacta
796 1988 898 2052 videri
912 1989 1073 2070 potuisset
1087 1989 1150 2052 ista
1161 1988 1303 2053 conden-

152 2093 258 2169 satio;
287 2093 337 2157 sin
361 2093 478 2171 minus,
500 2092 705 2177 apparuisset
728 2092 851 2156 laetam
874 2091 971 2156 luisse
994 2093 1247 2167 restitutionem,
1270 2101 1304 2156 et

152 2197 429 2279 compressionem
444 2196 545 2262 fuisse
560 2195 793 2260 transitoriam.
827 2195 941 2259 Etiam
956 2196 1064 2260 simile
1080 2196 1239 2278 quiddam
1255 2195 1304 2260 la-

153 2301 304 2363 ciendum
320 2311 390 2365 erat
405 2301 490 2365 circa
506 2299 734 2365 extensionem
751 2300 835 2364 aeris
854 2300 887 2364 in
902 2300 972 2363 ovis
985 2300 1098 2363 vitreis
1108 2300 1130 2364 ⁶.
1169 2299 1302 2364 Etenim

151 2404 311 2468 debuerat
332 2403 410 2482 fieri,
425 2415 503 2489 post
524 2404 735 2468 exuctionem
757 2402 886 2480 lortem,
907 2403 1018 2468 subita
1038 2413 1071 2468 et
1091 2402 1184 2467 firma
1204 2403 1302 2468 obtu-

151 2508 234 2572 ratio
247 2529 255 2586 ;
277 2508 399 2572 deinde
412 2509 595 2572 debuerant
610 2527 672 2572 ova
688 2506 743 2572 illa
759 2527 893 2571 manere
909 2508 956 2572 ita
971 2508 1124 2571 obturata
1143 2527 1202 2591 per
1220 2528 1303 2571 non·

151 2611 258 2675 nullos
273 2613 362 2690 dies;
385 2622 419 2677 et
434 2622 506 2676 tum
522 2613 657 2676 demum
673 2611 911 2695 experiendum
924 2611 1047 2689 luisset,
1061 2622 1170 2675 utrum
1187 2623 1303 2693 aperto

151 2715 311 2780 foramine
332 2724 494 2782 attractus
516 2714 630 2779 suisset
653 2721 709 2778 ae'r
731 2735 806 2780 cum
828 2714 935 2793 sibilo,
957 2725 1016 2779 aut
1039 2717 1138 2779 etiam
1160 2726 1303 2780 attracta

150 2819 262 2884 suisset
278 2830 372 2884 tanta
387 2820 555 2902 quantitas
567 2839 674 2902 aquae
686 2830 762 2902 post
779 2819 1031 2894 immersionem,
1047 2828 1172 2901 quanta
1187 2819 1303 2884 luisset

151 2925 194 2989 ab
210 2924 310 3002 initio,
325 2925 352 2988 si
369 2923 459 2988 nulla
477 2924 628 2988 adhibita
647 2923 762 2988 suisset
784 2944 885 2988 mora.
931 2923 1107 2987 Probabile
1128 2923 1225 2998 enim,
1246 2935 1304 2988 aut

151 3027 270 3094 saltem
297 3028 435 3112 dignum
459 3028 657 3112 probatione
680 3039 740 3102 cst,
764 3027 845 3092 haec
868 3026 938 3091 fieri
960 3027 1107 3109 potuisse
1129 3037 1163 3092 et
1186 3049 1303 3112 posse3

151 3142 326 3214 propterea
360 3133 451 3215 quod
489 3133 521 3195 in
553 3130 746 3214 corporibus
779 3128 879 3214 paulo
913 3132 1018 3211 magis
1054 3131 1304 3196 dissimilaribus

150 3235 269 3299 similia
299 3236 418 3300 efficiat
450 3255 541 3299 mora
570 3236 738 3318 temporis.
785 3233 920 3298 Etenim
947 3234 1101 3298 baculum
1129 3255 1187 3317 per
1213 3256 1303 3300 com-

150 3339 352 3421 pressionem
370 3348 540 3403 curvatum
561 3347 638 3421 post
658 3338 794 3420 aliquod
813 3348 946 3421 tempus
966 3358 1033 3402 non
1053 3338 1173 3417 resilit3
1197 3359 1305 3422 neque

151 3443 184 3506 id
211 3444 443 3526 imputandum
470 3453 521 3506 est
546 3442 643 3507 alicui
670 3441 889 3526 deperditioni
917 3463 961 3506 ex
989 3454 1114 3524 quanto
1141 3441 1220 3526 ligni
1247 3464 1306 3526 per

151 3566 298 3622 moram3
330 3567 406 3611 nam
432 3547 521 3610 idem
546 3545 603 3612 fiet
629 3547 661 3610 in
690 3546 810 3610 lamina
834 3546 909 3610 ferri
934 3543 974 3630 (si
1002 3557 1164 3631 augeatur
1188 3545 1303 3634 mora),

150 3649 1304 3734 qmmmfflmmffiQwfflmmmwfflmmmm

149 3773 210 3837 per
228 3775 353 3818 moram
374 3753 567 3837 simplicem,
589 3764 700 3817 tamen
722 3774 788 3818 non
808 3755 1027 3819 deserendum
1050 3765 1101 3820 est
1123 3757 1303 3839 negotium,

149 3857 208 3921 sed
239 3859 364 3922 auxilia
389 3858 453 3923 alia
478 3858 677 3922 adhibenda.
723 3859 801 3923 Non
828 3859 917 3923 enim
944 3878 1060 3942 parum
1086 3856 1167 3922 lucri
1198 3858 1245 3938 fit,
1274 3863 1301 3925 si

185 4061 197 4092 ⁴
216 4062 289 4116 Both
308 4079 390 4132 gases
409 4063 466 4116 and
485 4061 586 4132 liquids
605 4078 653 4117 are
671 4062 806 4132 perlectly
824 4061 940 4128 elastic;
971 4061 1032 4116 that
1052 4059 1076 4114 is
1101 4071 1131 4116 to
1157 4079 1216 4130 say,
1234 4063 1306 4118 alter

150 4144 324 4214 undergoing
337 4163 354 4199 a
366 4145 476 4215 change
490 4145 518 4199 in
531 4146 652 4213 volume,
664 4146 730 4215 they
742 4147 839 4216 regain
852 4147 962 4214 exactly
971 4145 1045 4199 their
1057 4144 1175 4214 original
1185 4147 1305 4216 volume,

150 4230 232 4282 when
245 4229 293 4284 the
306 4228 424 4300 original
437 4245 567 4299 pressure
581 4229 605 4286 is
617 4231 753 4286 restored.
790 4229 860 4286 This
872 4229 928 4284 fact
942 4230 994 4284 bas
1004 4229 1077 4285 been
1087 4228 1258 4286 established
1268 4231 1306 4300 by

151 4328 303 4366 numerous
316 4312 512 4381 experiments.

187 4391 404 4464 ‘mmmm

186 4475 244 4533 ‘ii
257 4491 302 4545 45.
