3308 5152
319 414 654 472 amrrcrrarrons
677 385 734 470 or
751 401 938 471 ancon's
960 412 1209 471 aocmrrvas.
1298 423 1337 491 91

187 581 295 656 valere,
311 591 491 658 quaerantur
510 597 580 639 cum
601 580 753 657 diligentia
775 591 805 640 et
823 581 945 640 fervore.
989 581 1028 639 Et
1050 591 1147 640 certus
1169 597 1235 639 sum
1256 580 1340 656 quod

186 679 273 738 aliter
287 698 348 738 non
363 690 408 738 est
419 679 466 739 via
479 680 519 739 ad
533 679 785 739 considerandum
797 679 935 738 scientias
946 678 1155 754 philosophiae
1169 677 1200 736 in
1215 678 1340 754 particu-

186 777 241 836 lari
256 789 286 836 et
300 777 330 835 in
345 777 464 854 propria
477 776 652 852 disciplina!
696 777 752 836 ‘Et
771 794 834 837 non
852 785 898 836 est
916 775 1043 835 dubium
1063 776 1136 852 quin
1156 775 1337 852 quicunque,

187 885 457 952 quantumcunque
478 875 515 934 sit
537 875 663 951 saplens‚
679 874 803 933 resiliret
824 892 842 932 a
863 874 959 950 primo
980 873 1057 933 libro
1077 873 1266 950 geometriae,
1282 873 1339 931 nisi

188 972 277 1032 sciret
297 973 362 1049 ejus
383 973 540 1032 utilitatem
551 993 559 1046 ;
582 973 675 1032 etsie
697 972 736 1033 de
757 972 822 1031 aliis
843 971 975 1031 scientiis
997 971 1147 1045 omnibus,
1161 981 1195 1030 ut
1216 971 1339 1048 probavi

186 1071 310 1130 centies.
354 1071 415 1146 Qui
443 1071 523 1130 enim
551 1071 697 1130 auscultat
721 1071 805 1147 quod
829 1071 992 1147 triangulus
1016 1069 1107 1130 habet
1130 1079 1190 1129 tres
1213 1069 1339 1146 angulos

186 1170 328 1245 aequales
350 1167 470 1228 duobus
492 1168 579 1228 rectis
600 1168 723 1245 angulis,
744 1178 774 1228 et
795 1166 1082 1228 demonstrationem
1104 1167 1177 1244 ejus,
1197 1168 1223 1226 si
1244 1168 1339 1227 nescit

187 1267 354 1340 utilitatem,
378 1267 441 1343 ipse
466 1285 528 1327 non
556 1265 640 1327 dabit
663 1266 816 1340 festucam,
840 1267 933 1326 immo
961 1284 1024 1325 non
1052 1264 1222 1342 dignabitur
1245 1265 1339 1325 scire!

187 1363 288 1442 (Opus
302 1365 445 1438 Tertium,
461 1383 546 1441 capp.
564 1380 590 1441 5,
607 1366 635 1437 6,
651 1364 708 1423 Ed.
725 1366 849 1437 Brewer,
865 1382 913 1440 pp.
934 1360 1054 1442 18-22.)

230 1462 311 1522 Both
322 1462 430 1522 writers
445 1463 522 1522 alike
536 1463 617 1522 shew
627 1463 704 1521 their
714 1462 855 1539 strength,
867 1463 953 1521 when
965 1462 1152 1540 repudiating
1166 1461 1217 1522 the
1231 1462 1338 1539 charge

188 1561 223 1620 oi
234 1560 361 1637 novelty.
407 1561 459 1620 ‘Et
473 1561 497 1620 si
512 1560 622 1620 obnixe
636 1559 736 1620 adhuc
750 1561 837 1620 tertio
851 1559 1016 1637 objiciatur,
1033 1560 1116 1638 quod
1130 1561 1225 1620 sancti
1239 1560 1338 1637 aliqua

188 1658 368 1736 redarguunt
382 1658 421 1718 de
436 1659 490 1732 his,
506 1676 584 1734 quae
601 1657 708 1732 scribo,
723 1668 754 1717 et
768 1659 928 1718 Gratianus
946 1668 976 1718 et
994 1659 1052 1732 alii,
1068 1658 1237 1734 respondeo
1255 1657 1338 1734 quod

188 1774 343 1833 nunquam
358 1756 413 1816 suit
431 1765 550 1832 tempus
570 1756 643 1832 quin
662 1774 800 1833 eaquae
819 1756 858 1816 de
878 1775 958 1816 novo
977 1767 1191 1833 proponuntur,
1208 1754 1339 1816 habeant

188 1854 464 1928 contradictionem,
480 1854 571 1913 etiam
589 1873 607 1912 a
626 1855 736 1913 sanctis
751 1864 781 1914 et
795 1873 813 1914 a
827 1852 915 1914 bonis
930 1855 1007 1929 viris,
1023 1865 1052 1915 et
1071 1874 1089 1916 a
1108 1853 1292 1932 sapientibus
1307 1855 1338 1912 in

187 1953 261 2026 aliis,
274 1952 343 2012 licet
357 1970 418 2012 non
433 1952 464 2010 in
475 1952 521 2012 his
532 1970 610 2030 quae
621 1951 865 2012 inconvenienter
876 1951 1054 2029 reprobant!
1082 1950 1182 2033 (Opus
1192 1953 1337 2026 Tertium,

188 2068 253 2126 cap.
271 2071 297 2127 9.
313 2069 341 2126 p.
360 2049 421 2129 28.)
464 2051 502 2108 In
521 2050 573 2110 the
587 2050 673 2126 Opus
688 2050 789 2126 Majus
804 2047 881 2129 (cap.
898 2053 925 2110 6.
941 2069 969 2127 p.
986 2048 1026 2130 9),
1042 2050 1082 2110 he
1100 2061 1207 2127 quotes
1225 2051 1337 2110 several

188 2166 327 2224 passages
349 2149 425 2208 from
447 2149 569 2222 Seneca,
585 2158 617 2208 to
638 2148 690 2208 the
710 2149 797 2208 effect
820 2151 951 2227 ‘quanto
969 2149 1103 2225 juniores
1123 2159 1207 2208 tanto
1229 2148 1339 2226 perspi·

187 2247 327 2319 caciores,
340 2246 410 2322 quia
421 2246 553 2322 juniores
564 2246 741 2323 posteriores
752 2247 941 2306 successione
952 2257 1121 2324 temporum
1133 2247 1338 2324 ingrediuntur

187 2343 305 2404 labores
330 2343 480 2420 priorum,’
497 2344 558 2404 and
583 2344 655 2403 then
676 2344 770 2404 adds:
801 2345 897 2409 ‘Nam
919 2363 1037 2422 semper
1056 2346 1234 2421 posteriores
1254 2345 1338 2405 addi·

187 2442 297 2502 derunt
309 2442 350 2502 ad
364 2461 454 2520 opera
472 2442 611 2518 priorum,
628 2452 658 2503 et
672 2443 765 2501 multa
784 2453 981 2516 correxerunt,
997 2453 1027 2503 et
1041 2443 1125 2520 plura
1139 2453 1336 2515 mutaverunt,

189 2540 266 2599 sicut
287 2541 416 2600 maxime
436 2559 489 2617 per
509 2539 700 2600 Aristotelem
722 2549 813 2616 patet,
834 2541 886 2617 qui
909 2559 1014 2601 omnes
1037 2542 1198 2601 sententias
1220 2559 1339 2617 praece-

186 2639 323 2698 dentium
338 2639 494 2699 discussit!

228 2738 297 2797 The
320 2736 566 2814 comprehensive
587 2737 660 2796 view
680 2737 777 2797 which
797 2737 873 2798 both
894 2738 979 2799 these
998 2739 1120 2799 authors
1140 2735 1214 2798 took
1234 2735 1269 2797 ol
1286 2735 1337 2797 the

187 2835 305 2895 various
320 2836 462 2908 sciences,
476 2835 538 2894 and
557 2835 608 2894 the
627 2836 774 2913 necessity
788 2827 884 2895 'which
899 2837 969 2914 they
983 2856 1042 2896 saw
1056 2838 1091 2896 ol
1101 2836 1241 2913 studying
1254 2834 1336 2894 them

189 2933 220 2992 in
244 2932 321 2992 their
344 2934 458 2992 mutual
482 2933 630 3007 relations,
653 2934 814 2994 constitute
839 2935 925 2994 other
951 2935 1050 3011 points
1076 2935 1110 2994 oi
1134 2932 1337 2992 resemblance

189 3030 324 3091 between
338 3032 428 3104 them,
441 3050 474 3092 as
488 3031 529 3090 do
543 3031 607 3091 also
620 3030 672 3091 the
686 3033 803 3092 exalted
817 3033 912 3110 hopes
923 3032 992 3109 they
1004 3031 1189 3092 entertained
1199 3031 1276 3090 from
1286 3030 1338 3090 the

189 3130 302 3205 patient
316 3130 404 3206 study
417 3130 453 3188 ol
463 3141 568 3190 nature
581 3129 643 3190 and
657 3131 695 3190 its
709 3131 890 3207 application
904 3142 937 3190 to
951 3131 1003 3190 the
1016 3148 1161 3207 purposes
1175 3130 1210 3189 oi
1219 3140 1272 3188 art.

229 3228 297 3286 The
311 3228 378 3286 four
391 3245 495 3288 causes
510 3225 545 3287 oi
556 3246 635 3288 error
648 3226 983 3305 (‘comprehendendae
997 3229 1127 3288 veritatis
1140 3227 1338 3300 offendicula,'

188 3325 275 3402 Opus
291 3327 398 3402 May'us,
414 3326 454 3386 ad
468 3326 541 3399 init,
557 3326 643 3403 Opus
657 3327 800 3400 Tertium,
816 3347 880 3404 cap.
899 3327 949 3407 22)
964 3345 1014 3386 are
1028 3326 1190 3403 compared
1203 3326 1273 3385 with
1286 3325 1339 3385 the

188 3424 256 3484 four
271 3425 391 3484 ‘ldola'
405 3426 441 3485 os
455 3425 507 3485 the
523 3426 643 3484 Novum
658 3425 813 3502 Organum
833 3427 863 3484 in
882 3445 901 3485 a
919 3435 990 3486 note
1004 3443 1044 3485 on
1060 3424 1147 3484 Book
1161 3425 1179 3484 i.
1190 3423 1273 3500 'Aph
1290 3424 1336 3498 38.

187 3522 256 3581 The
277 3521 489 3596 resemblance,
511 3523 654 3596 however,
671 3523 696 3582 is
717 3533 770 3583 not
791 3541 860 3600 very
877 3523 966 3597 close,
983 3523 1052 3596 and,
1068 3541 1100 3581 as
1123 3524 1137 3581 1
1160 3522 1235 3581 have
1255 3521 1340 3581 there

188 3621 308 3698 argued,
324 3621 474 3697 following
488 3621 546 3680 Mr.
563 3620 637 3680 Ellis
650 3620 712 3679 and
727 3621 784 3678 Mr.
799 3622 962 3698 Spedding,
978 3621 1099 3680 Francis
1119 3621 1222 3679 Bacon
1242 3619 1266 3678 is
1286 3629 1339 3679 not

188 3717 277 3795 likely
291 3729 323 3778 to
341 3719 417 3778 have
436 3737 508 3778 seen
526 3718 579 3778 the
598 3718 684 3795 Opus
704 3718 813 3795 Majus.
858 3720 929 3792 Nor,
947 3720 962 3778 1
981 3737 1050 3795 may
1063 3717 1133 3791 add,
1149 3717 1173 3777 is
1192 3717 1231 3776 he
1250 3717 1339 3794 likely

188 3826 221 3876 to
240 3816 315 3876 have
334 3814 412 3876 been
430 3815 611 3893 acquainted
625 3817 695 3876 with
713 3836 772 3895 any
786 3817 821 3876 ol
836 3817 887 3876 the
901 3816 996 3876 works
1015 3817 1051 3876 of
1067 3818 1168 3892 Roger
1185 3816 1288 3875 Bacon
1307 3816 1338 3874 in

188 3914 285 3973 which
299 3914 429 3974 remarks
443 3915 517 3973 such
532 3933 565 3974 as
583 3915 670 3975 those
689 3914 785 3975 above
804 3915 917 3992 quoted
932 3933 982 3975 are
995 3925 1027 3974 to
1041 3914 1080 3974 be
1095 3913 1190 3974 found
1199 3911 1228 3973 ¹¹.
1272 3915 1339 3974 The

221 4131 240 4160 ¹¹
258 4131 336 4193 Once,
344 4132 393 4181 and
405 4132 417 4181 1
430 4132 524 4184 believe
532 4148 593 4184 once
605 4133 672 4197 only,
683 4133 765 4183 Baeon
778 4132 852 4182 refers
861 4139 888 4182 to
897 4131 936 4182 his
946 4132 1088 4192 namesake,
1098 4131 1147 4181 and
1159 4131 1216 4180 then
1229 4131 1253 4179 in
1265 4138 1340 4180 terms

188 4210 219 4259 ol
231 4208 292 4260 saint
307 4211 394 4276 praise.
429 4211 475 4261 See
489 4211 623 4277 Temporis
638 4211 727 4260 Partus
740 4211 870 4261 Masculus
881 4211 923 4274 (E.
935 4210 983 4260 aud
994 4209 1029 4268 S,
1041 4210 1090 4258 vol.
1103 4209 1138 4257 iii
1151 4225 1177 4273 p.
1189 4207 1267 4271 534):
1285 4207 1340 4257 ‘Si-

187 4287 289 4352 quidem
305 4289 368 4338 utile
382 4305 459 4352 genus
474 4303 559 4338 eorum
573 4297 618 4349 est,
630 4289 673 4354 qui
689 4288 721 4338 de
736 4288 838 4338 theoriis
852 4304 903 4337 non
919 4287 1056 4336 admodum
1073 4286 1185 4346 solliciti,
1197 4286 1342 4336 mechanica

187 4364 297 4429 quadam
313 4367 452 4416 subtilitate
468 4382 548 4417 rerum
565 4366 719 4416 inventamm
736 4367 890 4416 extensiones
906 4364 1075 4430 prehendunt;
1093 4365 1175 4430 qualis
1189 4370 1227 4414 est
1240 4362 1340 4414 Brenn?

188 4443 218 4494 ln
240 4443 281 4494 the
300 4443 414 4493 Historia
431 4445 503 4494 Vitae
522 4452 548 4495 et
568 4445 664 4505 Mortis,
682 4445 802 4503 however,
821 4443 890 4494 there
909 4459 951 4492 are
970 4451 1049 4493 truces
1068 4442 1152 4492 olbis
1171 4442 1263 4507 having
1282 4439 1340 4490 read

189 4523 234 4572 Dr.
253 4520 328 4572 Dee's
344 4521 490 4572 translation
507 4522 652 4588 (published
669 4523 694 4572 in
714 4520 787 4586 1618)
807 4522 837 4570 oi
853 4521 936 4586 Roget
953 4519 1057 4570 Bacou's
1075 4528 1137 4571 tract
1157 4521 1198 4571 De
1217 4526 1340 4584 potestate
