3342 5152
701 374 783 431 ΗΒ.
806 374 849 432 ΙΙ.
873 381 903 450 5.
1315 385 1374 454 351

230 542 298 606 sive
318 540 585 625 conjugationem
612 551 802 605 naturarum
826 539 1047 624 simplicium:
1075 541 1168 605 utin
1193 563 1273 606 auro
1299 541 1381 611 hacc

230 645 445 724 conveniunt;
468 646 559 729 quod
570 645 613 710 sit
629 645 765 721 llavum3
789 646 879 727 quod
895 646 936 708 sit
948 646 1180 727 ponderosum,
1192 647 1235 710 ad
1251 647 1382 730 pondus

230 751 316 828 tale3
338 751 430 834 quod
455 750 497 814 sit
516 749 702 814 malleabile
720 759 777 812 aut
798 749 928 825 ductile,
944 749 987 813 ad
1009 750 1235 814 extensionem
1257 750 1381 827 talem;

232 857 323 937 quod
338 875 404 918 non
420 853 477 919 fiat
493 854 636 930 volatile,
652 873 713 918 nec
726 853 885 935 deperdat
901 855 943 916 de
960 862 1085 934 quanto
1101 875 1161 918 suo
1176 875 1235 937 per
1250 854 1360 936 ignem
1373 879 1381 933 ;

232 961 322 1041 quod
339 958 419 1022 fluat
435 957 538 1022 liuore
553 957 631 1034 tali,
660 958 752 1039 quod
774 965 945 1040 separetur
960 966 993 1021 et
1014 957 1160 1022 solvatur
1180 959 1289 1023 modis
1308 958 1382 1022 tali-

232 1063 313 1138 bus;
336 1072 369 1127 et
384 1062 532 1126 similiter
547 1063 589 1126 de
609 1061 745 1126 caeteris
767 1059 900 1138 naturis,
915 1081 1000 1142 quae
1021 1062 1054 1124 in
1075 1082 1156 1125 auro
1173 1073 1382 1126 concurrunt.

234 1168 351 1250 Itaque
368 1165 558 1248 hujusmodi
581 1166 716 1230 axioma
738 1185 807 1229 rem
831 1164 966 1228 deducit
987 1185 1032 1228 ex
1055 1164 1169 1229 formis
1191 1176 1381 1231 naturarum

233 1270 438 1354 simplicium.
484 1271 572 1334 Nam
594 1271 650 1352 qui
672 1269 794 1333 formas
808 1278 842 1332 et
863 1270 981 1333 modos
1003 1269 1094 1332 novit
1109 1271 1383 1353 superinducendi

234 1375 318 1453 flavi,
333 1375 496 1459 ponderis,
512 1375 651 1452 ductilis,
667 1373 736 1449 fixi,
753 1372 874 1449 fluoris,
886 1371 1107 1448 solutionum,
1126 1384 1160 1438 et
1178 1375 1224 1439 sic
1246 1375 1289 1438 de
1310 1375 1382 1439 reli-

234 1479 316 1562 quis,
336 1489 369 1542 et
392 1499 505 1543 eorum
529 1477 763 1561 graduationes
785 1485 819 1540 et
842 1476 968 1551 modos,
983 1475 1109 1541 videbit
1133 1486 1167 1542 et
1194 1479 1318 1544 curabit
1347 1489 1384 1542 nt

234 1585 297 1647 ista
312 1581 467 1666 conjungi
490 1582 617 1665 possint
639 1582 672 1644 in
694 1581 805 1664 aliquo
823 1600 970 1663 corpore,
993 1580 1081 1644 unde
1103 1591 1257 1663 sequatur
1279 1591 1384 1646 trans·

234 1687 386 1751 formatio
411 1688 444 1750 in
467 1705 594 1750 aurum.
638 1685 755 1768 Atque
781 1684 843 1748 hoc
867 1703 970 1766 genus
996 1685 1154 1768 operandi
1177 1686 1318 1768 pertinet
1340 1688 1383 1751 ad

234 1791 399 1855 actionem
425 1789 625 1873 primariam.
672 1789 802 1853 Eadem
826 1787 913 1852 enim
942 1796 992 1851 est
1019 1787 1103 1852 ratio
1124 1791 1303 1871 generandi
1326 1811 1384 1854 na-

235 1905 342 1958 turam
359 1914 458 1958 unam
473 1893 619 1976 aliquam
637 1892 830 1976 simplicem,
845 1901 878 1955 et
897 1890 1026 1975 plures;
1050 1892 1110 1955 nisi
1129 1893 1220 1975 quod
1241 1904 1385 1958 arctetur

237 1999 342 2080 magis
359 2007 392 2060 et
413 1997 628 2080 restringatur
642 1997 744 2060 homo
759 1996 792 2059 in
810 1996 989 2079 operando,
1005 1995 1031 2058 si
1047 1995 1157 2079 plures
1172 1997 1384 2080 requirantur,

236 2111 371 2185 propter
385 2101 611 2165 difficultatem
629 2110 680 2165 tot
701 2109 834 2164 naturas
850 2099 1080 2177 coadunandi;
1104 2120 1190 2182 quae
1207 2122 1273 2166 non
1292 2103 1385 2166 facile

236 2205 442 2283 conveniunt,
457 2205 519 2269 nisi
535 2225 593 2289 per
607 2203 677 2268 vias
699 2214 834 2268 naturae
853 2203 947 2267 tritas
968 2213 1002 2267 et
1023 2205 1211 2269 ordinarias.
1257 2205 1385 2271 Utcun-

236 2329 300 2392 que
329 2319 440 2373 tamen
472 2309 647 2373 dicendum
678 2317 737 2386 est,
765 2309 857 2390 quod
887 2307 949 2372 iste
978 2308 1098 2372 modus
1128 2310 1285 2392 operandi
1315 2307 1385 2396 (qui

237 2423 370 2476 naturas
386 2413 531 2476 intuetur
545 2412 719 2496 simplices,
735 2412 810 2477 licet
832 2412 866 2474 in
887 2431 1023 2495 corpore
1042 2410 1211 2496 concreto)
1227 2416 1386 2497 procedat

237 2537 280 2580 ex
296 2517 335 2580 iis
345 2514 382 2594 ³⁴,
398 2537 482 2599 quae
497 2516 530 2580 in
546 2526 662 2580 natura
677 2525 752 2579 sunt
768 2515 952 2580 constantia
966 2526 1000 2579 et
1015 2526 1149 2580 aeterna
1163 2527 1198 2580 et
1213 2517 1384 2592 catholica,

236 2629 269 2684 et
285 2622 368 2684 latas
386 2620 542 2704 praebeat
557 2620 723 2703 potentiae
739 2619 903 2683 humanae
918 2620 998 2695 vias,
1013 2619 1126 2702 quales
1143 2617 1193 2706 (ut
1208 2641 1295 2686 nunc
1310 2631 1387 2686 sunt

237 2721 301 2810 res)
316 2725 473 2807 cogitatio
487 2723 632 2787 humana
647 2723 706 2787 vix
722 2743 838 2806 capere
853 2733 910 2786 aut
925 2733 1166 2807 repraesentare
1181 2727 1293 2808 possit.

279 2828 330 2892 At
356 2829 539 2892 secundum
563 2847 667 2910 genus
696 2826 875 2892 axiomatis
899 2823 1002 2910 (quod
1028 2849 1049 2891 a
1072 2826 1205 2892 latentis
1219 2839 1387 2911 processus

237 2932 423 2996 inventione
437 2928 574 3016 pendet)
590 2951 656 2995 non
672 2951 731 3015 per
744 2940 878 2995 naturas
900 2931 1065 3014 simplices
1081 2932 1239 3015 procedit,
1254 2934 1312 2997 sed
1329 2955 1387 3017 per

237 3045 390 3101 concreta
404 3056 549 3119 corpora,
564 3036 846 3117 quemadmodum
863 3035 896 3098 in
919 3045 1037 3099 natura
1057 3036 1274 3113 inveniuntur,
1289 3056 1385 3101 cursu

237 3140 412 3203 ordinario.
460 3138 618 3222 Exempli
633 3139 760 3222 gratia3
783 3139 816 3202 in
832 3159 909 3202 casu
925 3138 981 3202 ubi
998 3137 1035 3201 fit
1055 3139 1231 3221 inquisitio,
1246 3161 1290 3204 ex
1313 3143 1387 3223 qui-

237 3245 299 3308 bus
321 3243 431 3318 initiis,
453 3253 485 3306 et
509 3263 575 3326 quo
599 3244 709 3320 modo,
731 3252 764 3306 et
786 3262 854 3325 quo
881 3262 1046 3327 processu,
1068 3263 1184 3308 aurum
1211 3254 1269 3308 aut
1295 3246 1387 3309 aliud

237 3349 379 3431 quodvis
399 3346 569 3411 metallum
590 3356 648 3410 aut
669 3347 752 3431 lapis
775 3356 957 3430 generetur,
973 3369 993 3411 a
1008 3348 1123 3430 primis
1138 3350 1314 3413 menstruis
1330 3360 1386 3413 aut

238 3451 433 3516 rudimentis
452 3451 519 3514 suis
543 3452 712 3533 usquead
736 3452 894 3515 mineram
918 3452 1118 3535 periectam3
1147 3463 1205 3517 aut
1228 3453 1387 3530 similiter,

238 3575 305 3638 quo
319 3575 472 3638 processu
489 3553 610 3618 herbae
632 3565 836 3638 generentur,
851 3576 872 3619 a
894 3555 1008 3639 primis
1027 3556 1292 3622 concretionibus
1313 3578 1387 3622 suc·

237 3745 302 3814 this,
323 3743 346 3799 il
363 3762 432 3800 once
453 3745 501 3800 the
522 3744 658 3814 premises
677 3762 749 3800 were
769 3744 897 3815 granted,
913 3761 1019 3815 appear
1040 3755 1069 3801 to
1091 3746 1242 3801 transcend
1264 3747 1312 3803 the
1330 3751 1388 3804 real

239 3849 346 3904 powers
363 3833 394 3888 ol
408 3832 553 3886 mankind.
591 3833 647 3886 For
659 3832 734 3902 daily
746 3833 906 3902 experience
923 3833 1037 3888 showed
1050 3835 1111 3888 that
1124 3835 1226 3889 almost
1237 3852 1322 3904 every
1335 3853 1388 3891 one

238 3916 269 3970 ol
286 3917 335 3971 the
354 3915 513 3971 distinctive
533 3915 656 3971 sensible
674 3915 827 3986 properties
848 3916 879 3971 ol
897 3933 954 3985 any
971 3916 1073 3987 object,
1091 3915 1127 3970 its
1148 3918 1333 3987 consistence,
1352 3920 1388 3975 its

238 4001 340 4068 colour,
361 3998 395 4055 its
415 4011 495 4068 taste,
514 3998 550 4054 its
568 4000 656 4067 smell,
676 4000 710 4054 its
729 3999 825 4069 shape,
842 3998 980 4055 admitted
997 4000 1029 4055 ol
1043 3999 1129 4070 being
1147 4001 1244 4070 totally
1259 4002 1389 4072 changed

239 4085 275 4152 by
289 4083 346 4150 lire,
359 4099 392 4137 or
403 4094 495 4151 water,
508 4100 540 4138 or
552 4100 629 4138 some
641 4083 722 4138 other
734 4081 870 4138 chemical
887 4093 979 4153 agent.
1015 4083 1077 4138 The
1082 4083 1199 4153 somnae
1215 4084 1246 4138 ol
1258 4087 1295 4138 all
1308 4087 1389 4142 those

239 4165 368 4237 qualities
386 4166 521 4236 seeming,
534 4165 678 4234 therefore,
691 4177 720 4222 to
737 4166 772 4221 be
785 4165 879 4221 within
898 4167 1003 4220 human
1019 4182 1113 4236 power
1125 4166 1213 4222 either
1225 4177 1255 4221 to
1266 4170 1389 4238 produce

240 4267 272 4303 or
291 4261 320 4305 to
341 4249 505 4318 annihilate,
524 4260 573 4305 not
594 4252 661 4319 only
679 4249 729 4304 did
749 4251 797 4305 the
817 4249 1032 4305 transmutation
1052 4249 1083 4304 ol
1103 4251 1266 4305 substances
1286 4269 1390 4322 appear

239 4332 427 4403 abstractedly
439 4333 570 4403 possible,
584 4335 632 4389 but
647 4334 694 4389 the
709 4335 900 4406 employment
911 4333 942 4388 ol
951 4334 999 4390 the
1011 4349 1112 4404 power,
1125 4343 1154 4388 at
1167 4351 1218 4389 our
1230 4334 1334 4404 choice,
1347 4335 1390 4390 for

240 4416 372 4486 practical
385 4417 466 4486 ends,
480 4418 591 4472 seemed
604 4418 643 4486 by
655 4434 692 4472 no
705 4433 803 4473 means
816 4417 962 4489 hopeless!

275 4497 297 4530 ³⁴
315 4503 362 4557 Sc.
374 4512 490 4556 naturae
504 4499 653 4571 simplices.
