3250 5138
278 347 342 416 572
658 342 813 397 n'ovurr
834 340 1052 397 oneratur.

279 508 426 584 lecimus,
437 507 590 592 ponendo
598 527 664 586 vas,
674 527 801 572 necnon
811 507 995 590 aliquaalia
1004 525 1152 590 corpora,
1163 505 1247 571 intra
1257 515 1436 590 argentum

278 614 399 686 vivum,
411 613 500 694 quod
514 613 663 676 omnium
676 609 775 694 longe
787 612 1017 677 densissimum
1029 621 1079 675 est
1090 632 1134 676 ex
1146 611 1184 674 iis
1196 631 1280 694 quae
1292 611 1436 675 circum·

280 717 370 780 fundi
394 725 539 802 possunt
594 715 788 798 Quinetiam
814 737 931 799 specus
961 724 995 779 et
1017 735 1175 780 cavernae
1201 717 1436 778 subterraneae

281 820 391 902 magni
403 840 480 882 usus
493 831 569 882 sunt
582 821 623 883 ad
637 818 879 902 prohibendum
893 816 1155 884 insolationem⁹⁴
1165 828 1198 884 et
1209 825 1319 883 a'e'rem
1331 819 1435 882 istum

279 935 431 1006 apertum
448 925 715 1006 praedatorium;
739 923 892 1007 qualibus
908 933 1043 986 utuntur
1056 923 1211 987 Germani
1225 921 1436 1005 Septentrio·

280 1027 370 1092 nales
383 1049 442 1111 pro
453 1028 621 1108 granariis.
656 1027 794 1091 Necnon
808 1027 964 1110 repositio
976 1047 1152 1109 corporum
1169 1027 1201 1088 in
1213 1025 1316 1089 fundo
1327 1045 1434 1108 aqua·

280 1151 351 1194 rum
365 1133 407 1195 ad
421 1131 483 1194 hoc
495 1140 623 1213 spectat
635 1153 642 1191 :
659 1141 696 1194 ut
708 1131 843 1194 memini
857 1151 910 1194 me
921 1131 1092 1214 quippiam
1104 1129 1235 1193 audisse
1247 1130 1290 1193 de
1302 1131 1434 1193 utribus

280 1235 346 1298 vini
359 1234 510 1298 demissis
527 1236 558 1297 in
571 1234 770 1316 profundum
782 1245 930 1318 puteum,
942 1235 985 1298 ad
1002 1235 1279 1316 infrigidationem
1294 1234 1433 1308 scilicet,

279 1339 338 1402 sed
355 1359 432 1402 casu
449 1349 481 1402 et
498 1359 555 1421 per
570 1338 757 1421 neglectum
773 1358 812 1402 ac
826 1338 1026 1402 oblivionem
1048 1339 1171 1402 ibidem
1186 1338 1433 1401 remanentibus

280 1463 339 1524 per
355 1442 477 1507 multos
492 1463 604 1518 annos,
620 1453 653 1506 et
674 1443 794 1506 deinde
811 1443 987 1521 extractis3
1011 1442 1098 1506 unde
1112 1442 1224 1504 vinum
1241 1441 1364 1506 sactum
1381 1453 1431 1504 est

281 1566 347 1610 non
359 1547 466 1610 solum
478 1567 545 1609 non
557 1547 715 1628 vapidum
731 1556 789 1610 aut
803 1555 999 1619 emortuum,
1010 1547 1068 1610 sed
1082 1546 1188 1610 multo
1200 1546 1308 1628 magis
1320 1545 1434 1608 nobile

280 1653 322 1714 ad
347 1661 491 1732 gustum,
516 1671 576 1733 per
596 1650 871 1714 commixtionem
894 1651 1037 1733 partium
1061 1669 1194 1714 suarum
1218 1649 1268 1732 (ut
1286 1649 1433 1728 videtur)

281 1755 387 1836 magis
399 1755 612 1836 exquisitam.
643 1752 745 1836 Quod
758 1755 785 1816 si
797 1753 942 1836 postulet
955 1775 1006 1818 res
1018 1764 1055 1819 ut
1066 1775 1202 1838 corpora
1213 1753 1435 1819 demittantur

279 1858 323 1920 ad
339 1857 477 1921 fundum
487 1871 661 1940 aquarum,
673 1856 774 1922 veluti
788 1859 872 1921 intra
888 1855 1004 1922 fluvios
1019 1867 1077 1922 aut
1092 1878 1190 1935 mare,
1201 1877 1308 1940 neque
1320 1867 1433 1920 tamen

279 1980 383 2042 aquas
398 1971 546 2042 tangant,
563 1981 622 2025 nec
638 1961 671 2024 in
687 1962 820 2025 vasibus
835 1961 998 2026 obturatis
1018 1961 1264 2036 concludantur,
1281 1962 1340 2024 sed
1355 1967 1434 2024 a'e're

173 2081 183 2102 ·
280 2075 408 2127 tantum
431 2065 693 2144 circumdentur;
720 2066 826 2130 bonus
847 2076 897 2130 est
918 2087 995 2130 usus
1011 2067 1097 2130 vasis
1118 2065 1203 2129 illius
1224 2065 1313 2148 quod
1338 2064 1433 2128 adhi-

281 2168 385 2231 bitum
413 2179 463 2232 est
493 2189 728 2253 nonnunquam
760 2173 803 2234 ad
830 2172 1034 2254 operandum
1064 2171 1177 2234 subter
1207 2171 1302 2250 aquis
1332 2189 1434 2252 super

281 2273 413 2356 navigia
441 2274 600 2350 demersa,
625 2285 662 2338 ut
693 2275 874 2340 urinatores
903 2275 1027 2338 diutius
1057 2294 1189 2338 manere
1215 2273 1343 2357 possint
1368 2273 1433 2336 sub

281 2379 383 2460 aquis,
411 2387 445 2440 et
471 2399 529 2461 per
555 2379 643 2441 vices
673 2381 716 2442 ad
746 2388 879 2462 tempus
909 2379 1079 2460 respirare.
1129 2377 1217 2442 lllud
1242 2376 1431 2458 hujusmodi

282 2492 362 2546 erat.
416 2481 665 2547 Conficiebatur
697 2484 825 2546 dolium
863 2505 908 2547 ex
945 2483 1081 2548 metallo
1118 2502 1308 2556 concavum,
1339 2482 1431 2563 quod

282 2585 520 2650 demittebatur
549 2587 765 2670 aequabiliter
794 2587 837 2651 ad
868 2587 1073 2670 superficiem
1107 2606 1223 2670 aquae,
1253 2595 1355 2668 atque
1386 2585 1433 2649 sic

281 2690 480 2771 deportabat
502 2700 609 2755 totum
636 2699 745 2756 aeirem
770 2693 827 2774 qui
852 2692 1081 2757 continebatur
1098 2691 1129 2755 in
1153 2689 1242 2755 dolio
1263 2711 1374 2754 secum
1399 2691 1432 2752 in

282 2793 420 2857 fundum
448 2795 557 2858 maris.
608 2794 728 2860 Stabat
754 2807 867 2859 autem
894 2817 992 2880 super
1017 2797 1119 2879 pedes
1144 2805 1211 2859 tres
1234 2795 1353 2877 (instar
1374 2794 1434 2856 tri-

282 2895 401 2982 podis),
417 2899 473 2979 qui
493 2898 707 2980 longitudinis
723 2909 817 2963 erant
836 2900 1006 2981 aliquanto
1026 2899 1160 2963 minoris
1177 2907 1303 2962 statura
1322 2897 1433 2960 horni-

282 3004 351 3077 nis;
374 3003 420 3066 ita
436 3013 473 3065 ut
489 3005 636 3066 urinator
651 3014 772 3085 posset,
788 3025 864 3069 cum
887 3004 1051 3068 anhelitus
1072 3001 1236 3080 deficeret,
1253 3002 1433 3066 immittere

282 3117 381 3189 caput
397 3107 428 3170 in
445 3127 561 3170 cavum
577 3107 666 3187 dolii,
678 3120 711 3172 et
728 3110 894 3191 respirare,
909 3121 942 3172 et
958 3109 1078 3172 deinde
1093 3128 1177 3189 opus
1192 3107 1386 3172 continuare
1394 3105 1435 3166 ⁹⁵.

317 3343 339 3374 ⁹⁴
359 3344 468 3414 Drying
487 3345 515 3399 in
534 3347 583 3400 the
602 3365 664 3413 sun,
679 3365 711 3401 or
728 3365 864 3418 exposure
883 3357 912 3402 to
930 3348 978 3403 the
994 3364 1053 3402 sun.
1092 3347 1154 3402 The
1170 3348 1248 3403 word
1266 3347 1288 3403 is
1305 3349 1375 3404 used
1393 3349 1432 3420 by

284 3427 373 3496 Pliny,
389 3430 454 3482 Nat.
471 3428 544 3482 llist.
557 3429 609 3483 xxi.
626 3445 657 3497 14
672 3429 738 3498 (49),
753 3443 819 3485 sect.
835 3432 876 3497 84.

318 3509 340 3541 ⁹⁶
360 3513 409 3581 Cp.
425 3511 551 3566 Historia
572 3513 661 3567 Densi
678 3525 705 3568 et
724 3514 800 3580 Rari,
819 3515 852 3568 E.
870 3513 927 3568 and
946 3515 983 3582 S.‚
1001 3515 1055 3568 vol.
1072 3514 1099 3568 ii.
1113 3531 1139 3584 p.
1157 3528 1217 3584 299.
1267 3516 1432 3571 Bedrmann

257 3619 260 3628 ,
285 3595 414 3663 (History
431 3593 464 3647 of
478 3595 653 3664 Inventions)
671 3597 722 3650 has
738 3613 755 3650 a
773 3598 838 3666 long
855 3597 952 3652 article
969 3615 1005 3652 on
1022 3599 1070 3652 the
1086 3596 1193 3667 history
1206 3599 1238 3652 of
1252 3599 1358 3668 Diving
1374 3600 1433 3654 and

285 3677 485 3746 Diving-Bells.
523 3680 601 3734 ‘The
614 3681 704 3734 oldest
715 3679 908 3747 information,’
917 3680 953 3734 he
966 3698 1038 3749 says,
1050 3682 1128 3736 ‘that
1137 3699 1178 3735 we
1190 3681 1262 3736 have
1274 3682 1434 3752 respecting

284 3761 331 3815 the
345 3779 393 3816 use
406 3761 438 3816 os
447 3762 494 3816 the
513 3762 675 3832 diving-bell
694 3762 722 3816 in
739 3765 851 3833 Europe
869 3763 892 3818 is
907 3765 968 3818 that
985 3765 1016 3818 ol
1030 3765 1104 3834 John
1121 3763 1260 3834 Taisnier,
1273 3766 1379 3835 quoted
1394 3767 1434 3835 by

284 3844 391 3898 Schott.
437 3847 498 3900 The
511 3847 622 3912 former,
636 3847 697 3899 who
710 3863 766 3899 was
780 3847 892 3900 bornat
907 3847 1041 3902 Hainault
1059 3847 1087 3900 in
1108 3860 1182 3916 1509,
1199 3847 1256 3902 had
1273 3865 1291 3902 a
1307 3851 1388 3918 place
1404 3861 1433 3904 at

284 3938 362 3982 court
375 3929 464 3982 under
476 3929 592 3983 Charles
605 3930 639 3996 V,
653 3929 744 3982 whom
756 3929 792 3984 he
809 3929 944 3984 attended
960 3949 996 3984 on
1013 3930 1056 3984 his
1069 3947 1175 4000 voyage
1192 3941 1222 3985 to
1233 3931 1336 3986 Africa.
1387 3934 1434 3987 He

285 4012 384 4065 relatos
398 4012 425 4064 in
439 4012 512 4066 what
526 4029 642 4066 manner
655 4013 691 4066 be
705 4029 760 4065 saw
773 4023 801 4066 at
814 4013 921 4066 Toledo
936 4012 976 4082 [in
992 4013 1081 4083 1538],
1095 4013 1123 4068 in
1136 4015 1184 4069 the
1196 4031 1331 4084 presence
1343 4015 1377 4069 os
1385 4017 1434 4070 the

284 4111 412 4162 emperor
424 4095 480 4148 and
494 4097 601 4148 several
613 4095 754 4149 thousand
768 4105 931 4165 spectatore,
941 4107 995 4150 two
1006 4097 1115 4151 Greeks
1125 4097 1161 4152 let
1171 4097 1340 4153 themselves
1349 4098 1433 4152 down

285 4177 374 4231 under
387 4186 479 4244 water,
493 4177 520 4230 in
535 4178 641 4246 alarge
654 4177 779 4233 inverted
796 4179 889 4246 kettle,
903 4179 968 4232 with
986 4198 1003 4233 a
1019 4180 1142 4250 burning
1159 4179 1238 4248 light,
1251 4182 1306 4235 and
1324 4181 1379 4236 rise
1396 4201 1434 4252 up

285 4259 368 4330 again
382 4259 494 4314 without
507 4260 590 4330 being
603 4264 670 4315 wet.¹
715 4262 776 4316 The
789 4261 953 4331 diving-bell
967 4279 1023 4317 was
1036 4263 1183 4333 employed
1195 4264 1238 4317 lor
1251 4264 1299 4318 the
1312 4281 1435 4334 purpose

284 4343 316 4396 os
330 4343 423 4479 ῑῐγὲῃς
441 4353 469 4397 to
487 4359 602 4398 recover
618 4353 680 4413 part
700 4344 731 4397 ol
746 4345 793 4399 the
813 4344 894 4415 spoil,
912 4345 984 4400 alter
1002 4346 1050 4400 the
1070 4347 1160 4402 wreck
1184 4347 1215 4401 ol
1235 4347 1283 4402 the
1308 4348 1433 4418 Spanisb

284 4429 370 4480 Arma
392 4443 417 4480 a.
