3342 5152
687 418 767 474 ΠΒ.
790 419 833 474 II.
856 427 905 476 20.
1306 427 1368 487 411

309 582 465 666 nequod
489 602 604 648 omnes
625 604 732 666 aquae
756 584 859 648 sortes
881 579 921 668 (si
945 583 1217 667 proportionatae
1242 582 1307 646 sint
1329 582 1372 646 ad

308 709 427 772 corpus
448 689 480 752 in
501 689 591 772 quod
613 684 730 772 agunt)
749 687 849 753 edant
870 707 971 771 opera
994 688 1087 770 ignis,
1106 707 1150 750 ex
1172 696 1291 750 natura
1313 705 1373 750 sua

308 795 501 859 corrodente
524 803 558 858 et
581 801 756 876 pungente.

352 897 469 980 Atque
485 897 548 962 ista
562 896 751 978 dt'fferemm
766 894 822 981 (de
838 916 904 979 qua
919 915 1005 960 nunc
1020 891 1173 982 dicimus)
1188 895 1373 961 communis

307 1010 357 1065 est
375 1022 450 1066 cum
470 1011 587 1066 natura
604 1001 734 1085 frigidi:
759 1001 791 1064 in
810 1021 877 1084 quo
898 1000 1071 1065 cohibetur
1094 1011 1204 1065 motus
1224 1009 1373 1064 contrac-

306 1106 394 1169 tivus
423 1126 483 1188 per
513 1105 722 1170 renitentiam
756 1105 989 1188 expandendi3
1027 1104 1308 1187 quemadmodum
1339 1103 1372 1166 in

307 1208 415 1273 calido
439 1208 612 1274 cohibetur
631 1220 741 1274 motus
762 1209 962 1291 expansivus
985 1227 1044 1290 per
1067 1208 1274 1273 renitentiam
1295 1227 1372 1272 con·

307 1312 471 1404 trahendi.

352 1418 469 1500 Itaque
495 1417 565 1482 sive
592 1426 703 1501 partes
729 1417 875 1500 corporis
900 1424 1074 1499 penetrent
1097 1436 1209 1480 versus
1235 1414 1373 1479 interius

307 1520 375 1585 sive
404 1531 579 1604 penetrent
605 1541 717 1585 versus
747 1520 902 1596 exterius,
931 1520 1047 1584 similis
1076 1530 1126 1584 est
1158 1521 1260 1584 ratio:
1295 1519 1373 1583 licet

306 1625 413 1710 impar
438 1627 619 1690 admodum
650 1625 692 1689 sit
722 1625 901 1702 fortitud03
936 1625 1014 1707 quia
1042 1645 1108 1688 non
1134 1623 1296 1688 habemus
1320 1623 1373 1688 hic

306 1730 396 1813 apud
420 1751 479 1793 nos
506 1731 538 1793 in
565 1729 737 1814 superficie
762 1738 871 1793 terrae
893 1727 1018 1811 aliquid
1042 1727 1132 1812 quod
1159 1729 1202 1792 sit
1225 1728 1373 1812 impense

306 1831 470 1916 frigidum.
515 1834 603 1898 Vide
619 1834 755 1898 Instant
774 1847 824 1910 27.
837 1833 922 1897 Tab.
940 1849 967 1898 1.

354 2043 484 2126 Quarta
497 2044 685 2128 differentia
700 2053 754 2109 est
767 2041 970 2108 modificatio
984 2042 1120 2126 prioris:
1143 2043 1225 2108 haec
1240 2042 1372 2119 scilicet,

308 2150 397 2233 quod
425 2160 537 2214 motus
568 2147 621 2213 ille
647 2148 882 2213 stimulationis
907 2157 965 2212 aut
989 2147 1224 2230 penetrationis
1250 2147 1373 2212 debeat

308 2274 380 2318 esse
402 2253 550 2319 nonnihil
568 2253 703 2339 rapidus
724 2263 758 2318 et
774 2253 908 2316 minime
928 2252 1055 2330 lentus;
1078 2261 1180 2335 atque
1198 2249 1256 2316 fiat
1272 2252 1372 2316 etiam

308 2379 368 2441 per
387 2357 572 2441 particulas,
595 2358 670 2423 licet
696 2358 860 2435 minutas3
891 2367 1004 2421 tamen
1028 2375 1096 2420 non
1120 2357 1163 2419 ad
1186 2365 1372 2420 extremam

308 2461 533 2536 subtilitatem,
553 2461 613 2527 sed
631 2462 725 2545 quasi
744 2461 940 2543 majusculas
952 2457 986 2523 ²¹.

353 2565 549 2631 Ostenditur
572 2567 654 2630 haec
682 2564 870 2648 differentia
899 2566 932 2628 in
962 2564 1209 2646 comparatione
1234 2583 1371 2647 operum

308 2689 393 2753 quae
420 2671 489 2734 edit
515 2670 599 2754 ignis
629 2689 705 2734 cum
733 2669 771 2733 iis
801 2689 887 2751 quae
916 2669 986 2732 edit
1012 2678 1145 2752 tempus
1174 2668 1240 2732 sive
1270 2676 1371 2732 aetas.

308 2774 415 2838 Aetas
442 2775 530 2838 enim
557 2775 625 2838 sive
652 2783 785 2857 tempus
810 2773 953 2847 arefacit,
983 2773 1156 2850 consumit,
1180 2771 1316 2848 subruit,
1339 2781 1372 2835 et

308 2880 475 2957 incinerat,
511 2900 577 2945 non
617 2879 725 2944 minus
763 2900 865 2963 quam
903 2879 1005 2963 ignis3
1040 2878 1093 2943 vel
1131 2879 1242 2963 potius
1273 2877 1373 2962 longe

308 2984 479 3048 subtilius:
503 2986 561 3048 sed
580 2984 657 3068 quia
677 2993 785 3048 motus
809 2982 974 3066 ejusmodi
997 2993 1048 3048 est
1066 2983 1173 3047 lentus
1191 2982 1371 3047 admodum

309 3097 344 3153 et
358 3109 418 3172 per
432 3087 609 3171 particulas
624 3088 721 3152 valde
736 3086 851 3162 exiles,
866 3109 932 3152 non
947 3087 1127 3172 percipitur
1142 3085 1241 3151 calor.

353 3192 547 3257 Ostenditur
572 3192 672 3256 etiam
697 3192 729 3255 in
753 3192 1000 3275 comparatione
1022 3190 1275 3256 dissolutionum
1298 3190 1372 3254 ferri

309 3307 342 3360 et
364 3297 436 3361 auri
446 3293 482 3361 ²².
527 3295 659 3361 Aurum
681 3297 770 3361 enim
793 3296 984 3362 dissolvitur
1003 3296 1128 3380 absque
1151 3295 1259 3360 calore
1282 3297 1372 3361 exci-

310 3410 403 3477 tato;
434 3400 554 3465 serrum
577 3411 689 3465 autem
714 3421 790 3466 cum
810 3400 998 3466 vehementi
1021 3400 1222 3466 excitatione
1245 3400 1372 3480 caloris,

308 3503 385 3568 licet
407 3504 506 3567 simili
532 3504 598 3567 iere
623 3503 794 3568 intervallo
816 3505 927 3587 quoad
950 3513 1092 3587 tempus.
1138 3503 1227 3588 Quia
1248 3504 1373 3569 scilicet

308 3608 340 3670 in
363 3628 454 3684 auro,
470 3608 632 3690 ingressus
655 3628 762 3690 aquae
782 3609 997 3690 separationis
1018 3617 1069 3672 est
1086 3608 1228 3673 clemens
1246 3617 1279 3671 et
1295 3608 1373 3671 sub-

307 3711 411 3776 tiliter
426 3712 602 3789 insinuans,
618 3723 651 3776 et
667 3712 770 3776 cessio
786 3713 929 3796 partium
949 3713 1020 3777 auri
1035 3712 1160 3789 sacilis3
1181 3722 1216 3776 at
1231 3713 1264 3775 in
1278 3713 1372 3790 ferro,

308 3815 472 3898 ingressus
491 3825 542 3880 est
557 3835 653 3900 asper
667 3825 701 3880 et
717 3836 792 3880 curn
808 3815 971 3894 conflictu,
986 3826 1020 3882 et
1035 3827 1145 3900 partes
1159 3817 1232 3880 ferri
1248 3815 1372 3880 habent

307 3920 563 3986 obstinationem
578 3919 748 4003 majorem.

257 4107 278 4142 '¹
297 4109 369 4165 This
389 4112 443 4165 last
462 4110 652 4180 qualification
671 4110 704 4178 is,
717 4110 748 4167 ol
763 4127 871 4178 course,
886 4127 1045 4177 erroneous,
1065 4109 1123 4164 aud
1142 4127 1234 4166 seems
1252 4120 1281 4165 to
1299 4111 1371 4166 bave

221 4195 293 4249 been
306 4193 458 4265 suggested
470 4195 509 4264 by
521 4194 569 4249 the
581 4193 697 4250 iancilul
715 4205 849 4262 contrast,
862 4195 959 4250 drawn
975 4195 1071 4259 below,
1085 4192 1211 4249 between
1228 4193 1296 4248 time
1313 4193 1371 4248 and

223 4277 280 4332 lire.
317 4277 394 4333 Heat
416 4277 439 4333 is
458 4297 476 4333 a
500 4279 609 4334 motion
630 4278 662 4333 ol
677 4279 726 4334 the
746 4278 879 4334 ultimate
899 4277 1030 4350 particles
1052 4278 1084 4332 ol
1099 4287 1209 4343 matter,
1230 4277 1372 4333 whatever

221 4361 268 4416 tbe
281 4370 379 4416 nature
393 4362 425 4416 oi
433 4361 512 4418 these
525 4362 655 4434 particles
668 4380 734 4432 may
746 4363 789 4418 be.
827 4365 878 4433 Cp.
891 4372 957 4418 note
973 4373 1004 4430 17
1017 4362 1118 4417 above.

256 4441 278 4474 ²¹
298 4445 344 4501 He
357 4445 381 4500 is
394 4446 460 4501 bere
477 4447 602 4516 alluding
613 4456 642 4501 to
659 4447 708 4502 the
727 4447 869 4502 instances
887 4446 970 4516 given
989 4444 1080 4500 under
1090 4445 1179 4515 Aphs.
1195 4460 1223 4498 11
1240 4443 1298 4514 (19)
1312 4444 1370 4498 and

225 4541 256 4584 12
271 4527 337 4599 (25),
354 4529 474 4600 relating
486 4541 515 4586 to
527 4531 574 4586 the
587 4530 725 4586 chemical
737 4530 902 4586 dissolution
915 4529 946 4584 of
955 4529 1016 4584 iron
1029 4529 1086 4584 and
1098 4528 1164 4599 gold
1176 4527 1369 4600 respectively.
