3344 5152
567 386 840 443 DISTRIBUTIO
864 386 1023 444 OPERIS.
1310 395 1371 463 175

220 572 321 632 quam
348 572 472 615 sensus.
519 551 697 636 Utcunque
723 554 809 616 enirn
836 553 986 617 homines
1012 554 1074 616 sibi
1101 553 1254 636 placeant
1278 565 1311 618 et
1339 556 1371 617 in

219 656 473 720 admirationem
505 657 624 720 mentis
653 655 817 721 humanae
847 678 885 722 ac
909 656 976 721 lere
1006 658 1234 722 adorationem
1266 669 1371 733 ruant,

220 758 300 823 illud
317 761 534 826 certissimum
550 771 619 824 est:
643 761 728 825 sicut
749 759 918 842 speculum
943 761 1116 842 inaequale
1136 782 1244 825 rerum
1260 764 1372 827 radios

220 883 264 926 ex
281 862 384 946 figura
405 874 439 928 et
458 865 603 930 sectione
623 865 757 948 propria
778 865 942 939 immutat,
959 865 1006 928 ita
1028 876 1061 928 et
1084 876 1239 942 mentem,
1255 887 1330 930 cum
1352 889 1372 930 a

221 967 318 1030 rebus
343 989 401 1050 per
425 987 557 1032 sensum
584 970 717 1051 patitur,
739 969 771 1031 in
795 969 984 1032 notionibus
1006 970 1073 1032 suis
1096 971 1314 1053 expediendis
1338 981 1371 1034 et

221 1072 505 1138 comminiscendis
527 1069 616 1135 haud
640 1073 766 1156 optima
789 1071 855 1136 fide
878 1092 984 1136 rerum
1007 1082 1142 1136 naturae
1162 1095 1255 1137 suam
1277 1086 1372 1138 natu-

222 1195 291 1237 ram
309 1157 447 1240 inserere
463 1187 497 1240 et
512 1176 702 1241 immiscere.

263 1278 379 1360 Atque
395 1279 504 1362 priora
519 1279 576 1343 illa
589 1282 656 1345 duo
671 1279 837 1344 Idolorum
853 1301 972 1362 genera
988 1301 1094 1364 aegre,
1110 1291 1278 1364 postrema
1292 1304 1371 1346 vero

221 1383 302 1447 haec
331 1382 421 1446 nullo
448 1384 558 1461 modo,
581 1383 675 1446 evelli
698 1394 844 1467 possunt.
891 1383 930 1447 Id
954 1393 1085 1448 tantum
1109 1385 1311 1467 relinquitur,
1335 1396 1373 1450 ut

222 1486 414 1563 indicentur,
440 1497 540 1569 atque
573 1498 609 1551 ut
639 1487 689 1551 vis
719 1488 782 1552 ista
813 1488 932 1551 mentis
963 1488 1148 1552 insidiatrix
1177 1499 1311 1552 notetur
1339 1500 1373 1553 et

221 1590 452 1667 convincatur;
487 1611 528 1655 ne
554 1591 639 1656 sorte
665 1613 685 1654 a
712 1592 933 1656 destructione
958 1603 1107 1656 veterum
1135 1594 1210 1655 novi
1233 1593 1372 1656 subinde

222 1715 367 1758 errorum
391 1695 510 1761 surculi
533 1717 576 1760 ex
603 1696 675 1779 ipsa
698 1696 785 1760 mala
808 1697 1037 1779 complexione
1061 1698 1179 1761 mentis
1202 1698 1373 1780 pullulent,

222 1819 326 1881 eoque
352 1821 402 1863 res
426 1800 558 1878 recidat,
586 1811 621 1865 ut
648 1820 773 1865 errores
800 1822 864 1864 non
891 1801 1128 1884 extinguantur
1155 1802 1212 1866 sed
1241 1823 1372 1886 permu-

221 1914 351 1980 tentur;
377 1924 491 1968 verum
514 1926 532 1968 e
555 1915 668 1970 contra
691 1915 729 1968 ut
751 1905 832 1969 illud
854 1907 991 1970 tandem
1015 1906 1047 1968 in
1070 1917 1239 1969 aeternum
1262 1917 1372 1970 ratum

221 2018 255 2071 et
272 2006 377 2072 fixum
393 2009 444 2082 sit,
462 2009 664 2073 intellectum
680 2009 740 2074 nisi
760 2031 818 2093 per
836 2009 1059 2074 inductionem
1077 2009 1214 2093 ejusque
1232 2010 1372 2075 sormam

223 2111 405 2194 legitimam
428 2111 575 2193 judicare
601 2134 666 2177 non
693 2134 796 2196 posse.
844 2114 963 2195 ltaque
989 2114 1138 2178 doctrina
1165 2115 1229 2179 ista
1250 2116 1292 2179 de
1314 2136 1373 2178 ex-

223 2218 417 2299 purgatione
440 2217 624 2281 intellectus
647 2228 684 2280 ut
707 2219 776 2301 ipse
798 2219 840 2282 ad
863 2219 1036 2282 veritatem
1059 2218 1179 2282 habilis
1201 2220 1252 2295 sit,
1268 2220 1373 2283 tribus

223 2320 510 2403 redargutionibus
531 2321 730 2385 absolvitur:
762 2321 990 2404 redargutione
1010 2322 1302 2405 philosophiarum‚
1323 2343 1373 2386 re·

222 2424 416 2506 dargutione
432 2425 760 2501 demonstrationum,
772 2433 805 2488 et
821 2425 1051 2508 redargutione
1063 2427 1197 2489 rationis
1209 2426 1373 2491 humanae

221 2528 361 2592 nativae.
408 2528 471 2593 His
494 2550 572 2593 vero
596 2529 779 2612 explicatis,
804 2550 842 2594 ac
867 2539 1045 2612 postquam
1069 2531 1202 2594 demum
1230 2531 1373 2614 patuerit

222 2632 302 2712 quid
318 2653 425 2696 rerum
441 2643 567 2709 natura,
583 2634 664 2714 quid
684 2634 802 2697 mentis
818 2643 935 2697 natura
956 2632 1046 2709 serat,
1062 2633 1293 2696 existimamus
1312 2655 1372 2697 nos

222 2736 406 2800 thalamum
427 2737 550 2800 Mentis
570 2747 603 2802 et
626 2736 789 2815 Universi,
810 2738 960 2818 pronuba
980 2737 1091 2801 divina
1112 2737 1269 2814 bonitate,
1290 2749 1373 2802 stra-

222 2839 307 2903 visse
323 2850 357 2902 et
372 2861 513 2904 ornasse.
559 2840 776 2924 Epithalamii
792 2851 904 2905 autem
920 2851 1034 2905 votum
1050 2842 1102 2917 sit,
1118 2851 1153 2904 ut
1169 2862 1213 2904 ex
1234 2835 1284 2905 eo*
1295 2863 1372 2907 con-

223 2945 324 3008 nubio
345 2945 469 3010 auxilia
489 2947 634 3010 humana
655 2955 687 3010 et
708 2947 805 3028 stirps
826 2947 1035 3010 inventorum
1056 2966 1141 3027 quae
1162 2947 1373 3010 necessitates

222 3068 261 3112 ac
288 3049 434 3112 miserias
460 3049 634 3113 hominum
662 3050 772 3132 aliqua
795 3071 838 3112 ex
863 3059 957 3132 parte
984 3050 1120 3113 doment
1145 3061 1179 3113 et
1208 3051 1373 3134 subigant,

222 3153 425 3235 suscipiatur.
471 3153 563 3217 Haec
578 3174 656 3218 vero
670 3164 720 3217 est
732 3154 835 3236 operis
842 3163 926 3235 pars
940 3155 1087 3220 secunda.

265 3359 314 3424 At
329 3362 400 3425 vias
421 3381 487 3424 non
509 3360 617 3424 solum
637 3372 819 3426 monstrare
844 3370 878 3425 et
902 3362 1037 3438 munire,
1059 3361 1117 3424 sed
1142 3361 1222 3423 inire
1240 3381 1371 3443 quoque

222 3465 394 3529 consilium
409 3475 468 3528 est.
515 3464 633 3548 Itaque
648 3466 747 3529 tertia
762 3485 838 3548 pars
853 3465 962 3548 operis
980 3462 1209 3548 complectitur
1223 3464 1373 3527 Phaeno-

223 3590 317 3633 mena
337 3568 513 3642 Univerri;
535 3569 598 3634 hoc
614 3579 673 3645 est,
692 3569 903 3651 omnigenam
923 3569 1171 3651 experientiam,
1188 3579 1288 3651 atque
1308 3569 1374 3630 his-

223 3673 341 3736 toriam
361 3674 544 3738 naturalem
560 3673 630 3755 ejus
645 3673 775 3756 generis
789 3693 874 3755 quae
890 3674 993 3755 possit
1010 3693 1081 3736 esse
1100 3674 1142 3737 ad
1164 3674 1373 3737 condendam

223 3777 467 3860 philosophiam
494 3776 760 3842 fundamentalis.
817 3776 935 3858 Neque
964 3777 1052 3840 enim
1075 3777 1241 3842 excellens
1264 3776 1374 3859 aliqua

222 3883 471 3947 demonstrandi
491 3883 544 3946 via
565 3883 634 3946 sive
654 3892 806 3944 naturam
828 3881 1065 3964 interpretandi
1087 3881 1202 3954 forma,
1224 3891 1259 3944 ut
1282 3902 1373 3944 men-

223 3996 291 4049 tem
307 3986 351 4050 ab
369 4005 476 4052 errore
492 3995 525 4050 et
541 3986 636 4068 lapsu
651 3985 824 4049 defendere
842 4006 880 4049 ac
899 3986 1068 4061 sustinere,
1085 3985 1131 4048 ita
1151 3985 1181 4048 ei
1203 3986 1373 4048 materiam

221 4090 266 4153 ad
292 4089 461 4155 sciendum
489 4089 646 4173 praebere
677 4097 709 4152 et
740 4089 989 4153 subministrare
1016 4089 1129 4171 possit.
1176 4087 1301 4151 Verum
1336 4090 1374 4152 iis

222 4194 342 4276 quibus
364 4215 430 4259 non
457 4193 618 4276 conjicere
641 4204 674 4258 et
697 4193 859 4269 hariolari,
882 4195 940 4257 secl
965 4193 1108 4256 invenire
1131 4201 1164 4255 et
1186 4193 1268 4256 scire
1297 4213 1373 4275 pro·

222 4298 367 4380 positum
387 4307 446 4372 est,
463 4299 586 4381 quique
605 4317 671 4360 non
691 4296 838 4360 simiolas
859 4306 893 4359 et
913 4294 1040 4359 fabulas
1061 4295 1259 4357 mundorum
1283 4315 1373 4358 com·

223 4401 358 4477 minisci,
380 4403 440 4466 sed
462 4401 560 4483 hujus
583 4401 684 4484 ipsius
705 4401 775 4463 veri
798 4399 912 4463 mundi
935 4410 1086 4463 naturam
1111 4398 1319 4481 introspicere
1340 4409 1373 4462 et

222 4505 311 4569 velut
326 4506 487 4570 dissecare
503 4507 536 4570 in
558 4506 670 4570 animo
689 4503 823 4584 habent,
842 4504 953 4568 omnia
973 4525 993 4568 a
1013 4503 1110 4568 rebus
1131 4502 1210 4585 ipsis
1231 4503 1373 4586 petenda
