3280 5238
259 387 324 456 472
639 377 796 433 novun
817 373 1034 432 onannurr.

260 552 462 616 evocantem,
488 553 522 608 et
545 563 604 626 per
630 561 834 618 consensum,
856 563 892 606 se
917 540 1073 607 attollant
1099 549 1133 605 et
1159 535 1279 605 deinde
1302 559 1339 604 se
1364 557 1416 604 re·

262 649 406 712 mittant.
453 646 572 730 ltaque
595 647 769 711 reducatur
792 643 832 730 (si
859 642 981 730 placet)
999 645 1069 727 jam
1098 645 1265 726 inquisitio
1289 643 1417 730 (missis

260 752 391 816 duobus
404 750 466 814 hlis
481 751 625 816 motibus
637 747 812 836 prioribus)
824 750 868 812 ad
883 749 970 813 hunc
986 748 1158 824 ultimum3
1181 759 1214 812 et
1231 749 1418 831 inquiratur

260 857 288 920 si
305 855 492 938 fiat'aliqua
501 855 578 920 talis
589 854 735 918 sublatio
748 875 805 938 per
817 873 1011 919 consensum
1024 853 1092 917 sive
1102 853 1170 916 vim
1181 854 1415 937 magneticam.

261 959 369 1044 Atqui
388 962 495 1044 primo
515 960 726 1024 manifestum
749 969 801 1024 est
823 960 990 1023 universas
1005 979 1119 1040 aquas,
1131 967 1229 1042 prout
1246 968 1416 1042 ponuntur

262 1066 295 1128 in
311 1065 397 1129 lossa
412 1066 481 1129 sive
497 1085 579 1129 cavo
594 1065 703 1138 maris,
719 1083 785 1128 non
801 1083 899 1145 posse
914 1060 1012 1128 simul
1034 1063 1151 1138 attolli,
1167 1063 1247 1145 quia
1268 1061 1415 1127 deluerit

262 1171 353 1252 quod
382 1170 539 1234 succedat
566 1169 599 1232 in
626 1168 752 1244 iund03
780 1168 866 1231 adeo
890 1176 928 1231 ut
952 1167 979 1232 si
1003 1168 1088 1231 soret
1112 1168 1145 1230 in
1175 1167 1270 1250 aquis
1295 1165 1415 1250 aliquis

261 1273 453 1356 hujusmodi
477 1273 645 1357 appetitus
674 1293 711 1336 se
737 1271 922 1346 attollendi,
949 1270 1004 1334 ille
1028 1272 1100 1354 ipse
1129 1283 1242 1335 tamen
1271 1291 1292 1334 a
1323 1291 1414 1334 nexu

263 1398 380 1455 rerum,
398 1379 467 1442 sive
489 1376 541 1463 (ut
563 1377 664 1458 vulgo
686 1371 881 1459 loquuntur)
904 1395 946 1438 ne
968 1377 1065 1439 detur
1086 1395 1226 1440 vacuum
1240 1374 1276 1452 ⁸⁸,
1292 1375 1415 1439 fractus

261 1483 347 1548 soret
363 1492 396 1548 et
412 1482 586 1547 cohibitus.
626 1480 848 1562 Relinquitur,
864 1489 900 1542 ut
917 1479 1111 1544 attollantur
1125 1499 1231 1563 aquae
1246 1499 1290 1542 ex
1304 1478 1415 1562 aliqua

262 1597 365 1670 parte,
388 1597 422 1650 et
446 1606 508 1668 per
534 1586 598 1649 hoc
625 1585 816 1648 minuantur
839 1595 872 1647 et
900 1584 1020 1647 cedant
1047 1581 1185 1647 exalia.
1233 1583 1415 1647 Enimvero

263 1712 374 1754 rursus
396 1689 580 1755 necessario
603 1697 762 1771 sequetur
785 1697 822 1752 ut
844 1688 894 1752 vis
921 1685 978 1750 illa
1001 1687 1195 1769 magnetica,
1217 1707 1293 1751 cum
1315 1705 1415 1770 super

263 1805 372 1858 totum
389 1795 517 1876 operari
533 1812 600 1856 non
615 1792 729 1874 possit,
741 1791 827 1856 circa
843 1792 989 1855 medium
1005 1802 1160 1874 operetur
1175 1790 1413 1866 intensissime;

263 1898 365 1962 itaut
388 1917 491 1979 aquas
515 1897 547 1960 in
572 1897 683 1960 medio
705 1895 848 1971 attollat,
867 1895 942 1960 illae
965 1916 1043 1960 vero
1065 1895 1214 1960 sublatae
1236 1895 1341 1959 latera
1355 1914 1414 1978 per

265 2001 504 2065 successionem
522 2002 675 2064 deserant
692 2009 725 2064 et
742 1999 933 2064 destituant.

309 2105 428 2187 Itaque
455 2103 525 2186 jam
556 2104 691 2168 tandem
719 2115 915 2186 perventum
946 2113 996 2166 est
1022 2104 1064 2167 ad
1092 2101 1286 2166 instantiam
1309 2103 1414 2166 erucas

263 2209 349 2272 circa
372 2208 436 2273 hoc
462 2207 657 2290 subjectum.
704 2207 754 2270 Ea
779 2207 854 2270 talis
885 2217 953 2271 est:
988 2207 1015 2272 si
1043 2207 1227 2270 inveniatur
1258 2209 1348 2289 quod
1379 2207 1414 2269 in

264 2312 443 2376 refluxibus
460 2314 558 2375 maris
573 2331 734 2395 aquarum
751 2311 936 2394 superficies
953 2311 986 2375 in
1003 2311 1084 2374 mari
1099 2311 1143 2375 sit
1158 2321 1291 2375 arcuata
1308 2311 1414 2394 magis

264 2426 298 2481 et
320 2415 471 2494 rotunda,
487 2415 719 2480 attollentibus
748 2435 783 2478 se
806 2415 932 2479 scilicet
955 2415 1049 2498 aquis
1072 2415 1104 2477 in
1128 2415 1235 2478 medio
1259 2415 1358 2478 maris
1380 2424 1415 2480 et

263 2520 490 2585 deficientibus
519 2520 602 2584 circa
632 2518 745 2594 latera,
768 2539 855 2600 quae
885 2529 962 2584 sunt
992 2519 1108 2594 litora;
1146 2529 1180 2583 et
1206 2519 1239 2581 in
1266 2518 1412 2582 fluxibus

263 2627 380 2688 eadem
411 2622 599 2707 superficies
628 2623 671 2685 sit
704 2623 811 2704 magis
847 2622 948 2706 plana
982 2633 1016 2688 et
1053 2643 1167 2706 aequa,
1197 2623 1411 2686 redeuntibus

263 2727 387 2793 scilicet
407 2728 502 2811 aquis
522 2727 566 2790 ad
587 2725 729 2810 priorem
753 2746 849 2790 suam
872 2727 1072 2810 positionem
1085 2728 1126 2804 ⁸³3
1157 2735 1229 2789 tum
1248 2737 1336 2792 certe
1355 2747 1413 2809 per

263 2834 348 2897 hanc
374 2833 569 2896 instantiam
596 2829 790 2893 decisoriam
817 2839 929 2912 potest
960 2831 1059 2913 recipi
1083 2829 1227 2894 sublatio
1259 2851 1317 2914 per
1346 2831 1412 2893 vim

263 3035 382 3091 vertices
394 3036 518 3090 locorum
532 3051 646 3088 causare
659 3034 763 3088 fluxum
781 3033 889 3088 Oceani
908 3033 1080 3103 reciprocum
1098 3031 1126 3088 in
1144 3033 1275 3089 Tellure?
1312 3035 1413 3089 Nonne

264 3119 333 3174 satis
347 3118 462 3173 evidens
481 3119 534 3173 hoc
553 3127 595 3173 est
615 3117 812 3172 documentum
831 3115 1092 3172 communicationis
1110 3126 1237 3171 motuum
1255 3116 1327 3172 inter
1344 3119 1414 3174 haec

264 3203 320 3257 duo
333 3201 483 3271 corporat'

300 3284 448 3351 Gassendi,
461 3283 491 3337 in
503 3281 548 3338 his
564 3294 681 3340 account
700 3284 733 3338 os
746 3285 794 3340 the
806 3283 918 3338 various
936 3281 1064 3354 opinions
1083 3301 1120 3338 on
1138 3284 1187 3339 the
1204 3301 1303 3341 causes
1320 3285 1351 3340 ol
1365 3285 1414 3340 the

264 3367 337 3422 tides
351 3367 508 3437 (Physicae,
523 3366 617 3426 sectio
630 3367 667 3423 iii.
682 3369 842 3423 Membrum
856 3368 944 3434 Prius,
958 3367 1005 3422 lib.
1019 3367 1035 3421 i.
1049 3384 1110 3438 cap.
1123 3367 1161 3436 4),
1175 3385 1258 3438 says:
1284 3367 1413 3424 ‘Plurimi

264 3461 407 3506 recurrunt
419 3451 457 3505 ad
471 3449 670 3519 Magneticam‚
684 3468 732 3505 seu
752 3451 913 3506 tractoriam
926 3450 992 3517 vim,
1006 3468 1061 3521 qua
1079 3451 1211 3506 nimirum
1231 3453 1318 3520 Luna,
1331 3469 1414 3522 supra

263 3551 340 3589 mare
352 3533 498 3601 transiens,
512 3532 600 3602 ipsius
618 3551 706 3604 aquas
724 3535 762 3589 ad
781 3553 811 3589 se
829 3534 940 3601 alliciat,
954 3545 1017 3604 post
1036 3535 1183 3589 transitum
1201 3545 1274 3589 retro
1294 3535 1414 3602 relaxet;

265 3619 360 3688 sicque
373 3634 450 3672 mare
469 3633 573 3686 cogens
592 3616 777 3674 intumescere
795 3619 1049 3688 detumescereque,
1062 3618 1203 3673 Affluxum
1221 3629 1249 3674 et
1268 3620 1414 3675 Relluxum

263 3699 355 3755 creet!

299 3781 320 3813 ⁸⁸
338 3785 392 3838 We
403 3783 476 3839 have
489 3801 554 3838 seen
565 3784 679 3854 already
693 3783 731 3852 (ii.
745 3785 760 3838 8
773 3785 810 3839 ad
823 3783 895 3854 init.)
905 3784 966 3839 that
980 3787 1076 3840 Bacon
1089 3784 1187 3841 denies
1198 3785 1247 3841 the
1259 3785 1416 3856 possibility

264 3868 295 3923 ol
303 3885 321 3922 a
333 3885 461 3922 vacuum.
499 3870 552 3923 See
565 3869 624 3922 also
637 3868 710 3937 Aph.
724 3869 766 3934 48,
782 3869 879 3922 Motus
899 3868 1054 3934 Secundus,
1067 3869 1124 3923 and
1143 3870 1191 3924 the
1209 3869 1369 3925 conclusion
1386 3870 1419 3925 of

264 3955 312 4011 the
330 3973 408 4010 same
426 3955 586 4025 Aphorism.
623 3957 664 4010 As
682 3954 828 4009 remarked
848 3956 884 4024 by
904 3957 959 4009 Mr.
979 3955 1049 4010 Ellis
1069 3956 1096 4010 in
1117 3955 1160 4011 his
1187 3956 1300 4012 Prelace
1318 3967 1348 4011 to
1367 3958 1416 4014 the

266 4038 394 4094 Historia
407 4037 496 4093 Densi
508 4048 535 4093 et
549 4037 616 4092 Rari
631 4038 676 4108 (E.
689 4037 746 4092 and
759 4039 798 4102 S.‚
810 4039 864 4091 vol.
876 4037 901 4091 it
913 4055 939 4108 p.
950 4041 1023 4106 238),
1035 4040 1155 4094 Bacon’s
1167 4040 1297 4110 opinions
1309 4057 1346 4096 on
1358 4041 1416 4096 this

266 4122 372 4191 subject
394 4132 467 4176 must
490 4123 563 4176 have
583 4123 744 4191 undergone
764 4139 783 4174 a
803 4120 921 4175 decided
944 4123 1053 4189 change
1074 4123 1145 4177 aiter
1165 4123 1214 4178 the
1236 4123 1303 4179 time
1321 4125 1353 4178 oi
1372 4123 1416 4180 his

265 4210 373 4279 writing
385 4210 434 4264 the
447 4208 639 4279 Cogitationes
652 4211 687 4265 de
700 4212 805 4264 Rerum
819 4211 928 4264 Natura
939 4210 997 4264 and
1009 4210 1056 4264 the
1067 4211 1090 4264 F
1091 4211 1154 4265 able
1166 4211 1199 4265 ol
1208 4211 1308 4282 Cupid.

301 4292 322 4324 ‘⁰
341 4293 411 4348 This
424 4293 448 4347 is
460 4295 507 4348 the
520 4310 594 4359 case,
608 4294 715 4362 though
729 4310 769 4346 we
781 4293 864 4346 know
877 4291 897 4346 it
916 4304 945 4347 to
963 4295 998 4348 be
1017 4311 1049 4347 so
1068 4295 1161 4348 rather
1178 4311 1211 4349 as
1229 4311 1247 4348 a
1264 4294 1416 4352 deduction

265 4376 337 4430 from
350 4378 398 4430 the
409 4378 506 4446 theory
515 4377 546 4432 ol
555 4379 602 4433 the
612 4377 684 4431 tides
692 4377 760 4430 than
771 4394 807 4430 an
818 4375 961 4430 induction
970 4377 1041 4430 lrom
1050 4378 1098 4432 the
1107 4377 1286 4433 observation
1295 4379 1326 4434 ol
1335 4379 1417 4436 iactS.

265 4460 327 4516 The
340 4469 485 4516 curvature
498 4461 521 4515 is
534 4471 655 4531 greatest
668 4461 748 4516 when
761 4459 809 4515 the
822 4459 879 4514 tide
892 4459 915 4514 is
929 4459 1005 4530 high,
1017 4461 1074 4516 and
1091 4461 1160 4517 least
1173 4463 1252 4518 when
1263 4462 1283 4518 it
1297 4463 1320 4518 is
1333 4464 1395 4520 low.
