3358 5152
306 407 372 473 314
683 399 838 455 rvovuw
858 398 1077 456 ornantur.

306 563 442 646 copiosa
471 573 504 628 et
534 584 569 628 se
600 574 779 627 renovante
809 574 843 628 et
874 562 1100 641 anniversaria,
1124 563 1170 627 nil
1199 563 1336 630 luissent
1366 573 1455 628 certe

305 667 534 731 commenturi.
580 665 681 750 Quod
700 668 727 730 si
749 667 822 750 quis
845 668 945 732 etiam
969 670 1011 732 de
1033 669 1136 732 vermi
1159 669 1296 732 verbum
1320 667 1452 752 aliquod

307 769 478 851 injecisset,
491 770 631 862 ludibrio
646 781 734 836 certe
749 771 877 836 iuturus
892 771 1014 847 suisset,
1025 783 1061 836 ut
1072 772 1129 855 qui
1142 793 1244 837 novas
1259 793 1452 838 aranearum

305 893 423 958 operas
438 875 625 939 somniaret.
1161 933 1169 945 .

350 977 516 1056 Similiter,
546 979 574 1044 si
603 989 682 1043 ante
711 979 932 1043 inventionem
964 998 1042 1044 acus
1071 980 1222 1045 nauticae
1235 977 1261 1015 ¹⁰
1288 979 1452 1064 quispiam

305 1079 494 1164 hujusmodi
532 1101 716 1147 sermonem
750 1083 939 1148 intulisset:
978 1085 1145 1149 inventum
1179 1103 1252 1148 esse
1283 1085 1452 1166 quoddam

305 1185 567 1261 instrumentum,
584 1207 643 1269 per
661 1188 752 1269 quod
776 1188 926 1252 cardines
945 1196 978 1252 et
996 1198 1118 1271 puncta
1136 1187 1220 1252 coeli
1241 1199 1359 1252 exacte
1379 1189 1452 1269 capi

305 1299 339 1354 et
355 1290 503 1373 dignosci
519 1291 669 1373 possint;
692 1290 842 1355 homines
865 1292 978 1356 statim
993 1290 1035 1356 de
1051 1292 1155 1375 magis
1175 1292 1341 1373 exquisita
1356 1291 1453 1356 labri·

304 1395 435 1458 catione
459 1394 749 1459 instrumentorum
775 1396 1072 1461 astronomicorum
1098 1397 1141 1461 ad
1169 1397 1274 1461 multa
1298 1407 1332 1460 et
1354 1396 1452 1470 varia,

304 1518 363 1581 per
391 1499 608 1580 agitationem
639 1499 841 1583 phantasiae,
868 1501 1042 1565 discursuri
1071 1501 1228 1576 luissent3
1262 1501 1351 1582 quod
1374 1521 1451 1563 vero

303 1603 428 1686 aliquid
447 1603 580 1666 inveniri
601 1603 716 1686 possit,
731 1603 824 1685 cujus
848 1615 959 1669 motus
973 1625 1050 1670 cum
1070 1603 1269 1670 coelestibus
1282 1613 1352 1668 tam
1367 1604 1452 1669 bene

303 1707 500 1784 conveniret,
518 1717 619 1790 atque
642 1708 749 1789 ipsum
773 1719 885 1772 tamen
908 1729 951 1772 ex
974 1709 1171 1774 coelestibus
1194 1729 1259 1773 non
1282 1701 1377 1786 esset,
1392 1709 1450 1772 sed

304 1820 433 1877 tantum
449 1812 633 1876 substantia
649 1811 781 1895 lapidea
796 1822 854 1877 aut
877 1812 1041 1878 metallica
1051 1812 1085 1891 ¹⁷,
1101 1815 1237 1878 omnino
1260 1813 1452 1878 incredibile

302 1915 408 1979 visum
431 1915 553 1980 luisset
603 1914 720 1998 Atque
742 1915 824 1981 haec
846 1925 958 1981 tamen
981 1927 1015 1981 et
1038 1917 1158 1980 similia
1180 1938 1239 2001 per
1261 1927 1313 1982 tot
1336 1917 1450 1981 mundi

303 2028 430 2083 aetates
459 2019 609 2084 homines
639 2018 814 2098 latuerunt,
837 2041 897 2085 nec
926 2041 986 2104 per
1007 2020 1250 2104 philosophiam
1275 2033 1333 2086 aut
1363 2030 1450 2086 artes

302 2122 478 2186 rationales
500 2123 634 2187 inventa
658 2134 744 2202 sunt,
760 2125 819 2189 sed
840 2145 917 2189 casu
933 2135 967 2190 et
983 2146 1042 2209 per
1060 2127 1285 2202 occasionem3
1308 2136 1450 2209 suntque

302 2227 388 2291 illius
403 2224 453 2312 (ut
468 2226 628 2313 diximus)
643 2229 779 2312 generis,
793 2238 829 2292 ut
844 2229 888 2293 ab
903 2229 943 2293 iis
957 2249 1042 2313 quae
1058 2239 1156 2294 antea
1172 2230 1305 2312 cognita
1321 2229 1450 2294 luerunt

302 2331 401 2412 plane
430 2331 650 2415 heterogenea
676 2341 709 2397 et
734 2333 953 2398 remotissima
977 2335 1051 2412 sint,
1080 2343 1116 2398 ut
1141 2335 1314 2418 praenotio
1339 2334 1450 2420 aliqua

302 2433 383 2499 nihil
398 2455 532 2518 prorsus
547 2437 591 2500 ad
607 2435 663 2500 illa
678 2438 860 2503 conducere
875 2439 1048 2521 potuisset.

346 2539 465 2623 Itaque
481 2541 682 2623 sperandum
705 2541 840 2605 omnino
862 2552 922 2621 est,
937 2561 1009 2606 esse
1031 2542 1139 2606 adhuc
1162 2543 1194 2605 in
1218 2553 1354 2606 naturae
1377 2542 1448 2606 sinu

301 2641 405 2706 multa
427 2644 620 2708 excellentis
646 2665 725 2709 usus
750 2647 928 2724 recondita,
950 2666 1036 2728 quae
1062 2646 1186 2710 nullam
1213 2665 1288 2710 cum
1308 2646 1377 2728 jam
1401 2646 1448 2708 in·

300 2748 408 2811 ventis
436 2749 668 2831 cognationem
699 2749 825 2813 habent
851 2759 909 2814 aut
934 2749 1201 2833 parallelismum‚
1226 2751 1283 2814 sed
1313 2750 1449 2815 omnino

300 2852 365 2914 sita
386 2860 465 2915 sunt
487 2859 584 2915 extra
605 2852 676 2916 vias
698 2852 914 2937 phantasiae3
941 2873 1027 2936 quae
1049 2865 1163 2918 tamen
1185 2853 1294 2918 adhuc
1317 2855 1448 2918 inventa

302 2976 367 3019 non
382 2965 479 3031 sunt3
502 2977 588 3039 quae
611 2957 827 3040 proculdubio
849 2958 1049 3042 permultos
1071 2957 1273 3024 saeculorum
1294 2957 1448 3022 circuitus

300 3069 333 3122 et
350 3059 511 3143 ambages
526 3070 560 3125 et
576 3061 647 3143 ipsa
669 3063 868 3146 quandoque
891 3063 1080 3146 prodibunt,
1096 3064 1180 3126 sicut
1203 3062 1259 3127 illa
1281 3062 1448 3144 superiora

299 3165 511 3247 prodierunt;
533 3165 592 3228 sed
615 3185 674 3248 per
695 3166 792 3244 viam,
808 3187 908 3249 quam
933 3187 1018 3231 nunc
1040 3175 1230 3242 tractamus,
1252 3187 1392 3250 propere
1414 3176 1447 3230 et

299 3267 411 3331 subito
426 3277 460 3332 et
475 3267 573 3332 simul
590 3271 823 3352 repraesentari
836 3268 863 3307 ¹⁸
879 3281 913 3336 et
928 3271 1103 3354 anticipari
1119 3280 1267 3354 possunt.

333 3489 355 3522 ¹⁰
373 3493 435 3547 The
449 3491 597 3548 Mariner's
608 3494 754 3564 Compass.
790 3494 868 3550 ‘The
881 3494 1013 3551 directive
1024 3512 1118 3565 power
1129 3493 1162 3549 oi
1169 3494 1217 3549 the
1229 3505 1343 3563 magnet
1357 3511 1447 3549 seems

298 3585 327 3631 to
339 3575 411 3629 have
423 3575 494 3630 been
508 3577 647 3631 unknown
661 3577 689 3630 in
703 3578 815 3649 Europe
834 3579 874 3634 till
892 3579 947 3634 late
965 3579 993 3633 in
1011 3580 1058 3634 the
1074 3578 1178 3634 twellth
1196 3586 1319 3646 century.
1357 3579 1382 3631 It
1399 3593 1447 3648 ap·

298 3675 388 3728 pears,
401 3659 538 3727 however,
553 3677 589 3714 nn
602 3677 669 3731 very
680 3662 753 3730 good
767 3663 915 3732 authority,
929 3663 990 3716 that
1009 3661 1029 3717 it
1042 3679 1099 3717 was
1114 3663 1216 3716 known
1235 3660 1264 3714 in
1277 3660 1377 3727 China,
1390 3661 1447 3716 and

297 3741 466 3810 throughout
479 3743 527 3797 the
540 3745 610 3798 East
621 3746 771 3815 generally,
785 3756 814 3800 at
826 3763 844 3799 a
856 3761 923 3815 very
935 3757 1040 3801 remote
1053 3744 1149 3816 period
1151 3764 1372 3801 aaaaaa
1408 3746 1446 3799 At

298 3824 366 3892 first,
379 3825 426 3880 the
440 3825 562 3882 Chinese
575 3827 666 3882 would
678 3845 784 3898 appear
795 3839 824 3884 to
836 3830 909 3884 have
921 3829 991 3883 used
1003 3829 1024 3884 it
1037 3829 1204 3898 exclusively
1215 3829 1256 3883 ior
1268 3828 1405 3898 guidanoe
1418 3828 1447 3882 in

297 3908 443 3978 travelling
455 3911 493 3980 by
505 3909 580 3964 land.
617 3911 677 3966 The
689 3912 800 3967 earliest
814 3914 878 3967 date
891 3921 920 3967 at
931 3912 1021 3967 which
1031 3929 1072 3967 we
1086 3913 1153 3967 hear
1164 3912 1196 3966 oi
1206 3912 1278 3966 their
1290 3912 1372 3981 using
1384 3910 1405 3966 it
1417 3920 1447 3965 at

297 4007 346 4047 sea
359 3992 382 4046 is
395 3993 564 4048 somewhere
576 3994 662 4048 about
674 4008 728 4063 300
738 3996 808 4050 Ab?
834 3995 998 4051 Chambers'
1011 3995 1246 4066 Encyclopaedia.
1281 3997 1306 4050 It
1320 3996 1343 4050 is
1357 4011 1446 4049 some-

296 4075 379 4131 times
392 4076 484 4131 stated
497 4077 559 4132 that
573 4078 671 4131 Marco
685 4079 751 4132 Polo
764 4079 885 4147 brought
897 4079 945 4133 the
959 4079 1097 4148 Compass
1111 4079 1176 4133 with
1195 4079 1254 4136 him
1270 4078 1342 4133 from
1356 4078 1447 4132 China

297 4169 326 4214 to
340 4160 412 4228 Italy
424 4159 452 4214 in
469 4160 544 4227 1260,
557 4161 607 4215 but
619 4162 697 4215 there
711 4160 734 4216 is
747 4161 882 4216 evidence
894 4161 926 4215 os
935 4161 970 4216 its
983 4179 1032 4217 use
1044 4161 1073 4216 in
1087 4162 1199 4232 Europe
1216 4161 1245 4215 in
1256 4162 1305 4216 the
1317 4161 1446 4232 previous

296 4252 420 4312 century.

332 4323 354 4356 ¹⁷
373 4327 406 4380 In
420 4325 471 4379 Bk.
485 4325 512 4380 ii.
526 4326 599 4396 Aph.
613 4327 656 4395 36,
669 4343 706 4380 an
720 4325 868 4382 ‘instantia
886 4327 988 4383 crucis’
1002 4328 1024 4383 is
1043 4329 1182 4399 proposed
1200 4328 1244 4383 ior
1259 4329 1308 4384 the
1326 4344 1447 4398 purpose

296 4409 328 4463 oi
337 4407 522 4479 determining
533 4410 582 4464 the
594 4427 678 4468 cause
691 4410 723 4463 of
732 4410 779 4465 the
793 4411 917 4481 Polarity
929 4412 959 4466 ol
968 4413 1015 4467 the
1028 4413 1055 4466 N
1058 4412 1146 4468 eedle.

330 4489 351 4522 ¹⁸
371 4492 428 4547 ‘Be
446 4492 594 4562 presented
612 4503 641 4547 at
660 4492 746 4560 once,’
760 4493 874 4549 without
893 4512 948 4564 any
960 4495 1050 4564 delay.
1086 4495 1156 4550 This
1175 4495 1260 4563 word,
1278 4494 1390 4550 besides
1413 4493 1448 4550 its
