3342 5152
693 426 773 485 rra.
795 427 838 483 rr.
863 437 913 500 27·
1314 435 1379 507 437

230 598 375 682 gignitur
397 597 557 662 claritudo
575 606 608 662 et
631 596 787 679 splendor
810 595 842 659 in
866 595 1020 679 utrisque,
1044 616 1102 678 per
1124 595 1378 681 percolationem

229 703 383 766 nimirum
407 711 541 765 tenuem
567 709 600 764 et
620 709 816 765 accuratam.
871 699 960 764 Nam
988 701 1065 765 inde
1091 699 1127 765 fit
1152 699 1263 780 etiam,
1288 703 1378 784 quod

229 807 287 891 pili
317 805 508 869 animalium
536 824 602 868 non
627 805 693 868 sint
720 817 788 868 tam
815 803 942 894 pulchri
973 812 1006 868 et
1035 814 1105 868 tam
1134 804 1235 869 vividi
1261 805 1379 870 coloris

229 930 329 991 quam
345 909 453 973 avium
476 907 610 993 plumae
628 906 836 991 complures:
860 909 938 991 quia
958 909 1046 973 succi
1065 929 1131 973 non
1148 919 1218 973 tam
1237 909 1379 975 delicate

229 1013 439 1098 percolantur
455 1034 513 1096 per
528 1022 637 1078 cutem
654 1032 755 1095 quam
771 1033 830 1096 per
844 1013 1016 1077 calamum.

274 1118 360 1182 Item
377 1117 555 1181 instantiae
572 1117 753 1199 conformes
767 1124 842 1180 sunt
859 1126 1004 1180 scrotum
1026 1116 1058 1180 in
1077 1115 1275 1182 animalibus
1292 1137 1378 1182 mas·

228 1221 318 1298 culis,
336 1231 369 1285 et
389 1221 511 1285 matrix
535 1221 568 1283 in
588 1219 736 1285 femellis.
789 1218 892 1284 Adeo
910 1229 947 1285 ut
965 1220 1086 1285 nobilis
1103 1219 1158 1284 illa
1176 1221 1299 1286 fabrica
1319 1242 1379 1304 per

229 1345 329 1408 quam
352 1345 453 1388 sexus
476 1324 630 1389 differunt
655 1322 833 1410 (quatenus
862 1325 904 1388 ad
935 1324 1089 1389 animalia
1116 1323 1302 1410 terrestria),
1332 1326 1377 1390 nil

228 1427 317 1494 aliud
341 1429 492 1493 videatur
522 1449 602 1504 esse,
629 1448 730 1510 quarn
757 1428 937 1493 secundum
960 1429 1107 1493 exterius
1130 1438 1164 1493 et
1187 1429 1321 1494 interius
1332 1426 1378 1489 ⁸⁸:

227 1532 258 1596 vi
292 1531 415 1597 scilicet
446 1532 571 1615 majore
603 1533 721 1597 caloris
753 1531 909 1616 genitalia
939 1532 972 1595 in
1006 1553 1090 1596 sexu
1124 1531 1271 1597 masculo
1303 1554 1377 1617 pro-

228 1637 382 1701 trudente
406 1637 438 1700 in
465 1637 620 1712 exterius,
647 1636 703 1700 ubi
728 1637 760 1699 in
786 1635 925 1700 femellis
949 1635 1046 1700 nimis
1070 1635 1189 1700 debilis
1215 1646 1266 1702 est
1288 1635 1378 1702 calor

228 1761 328 1822 quam
349 1749 384 1805 ut
405 1740 470 1805 hoc
493 1740 599 1806 lacere
621 1741 745 1823 possit;
776 1742 863 1804 unde
889 1740 1007 1806 accidit
1034 1741 1125 1823 quod
1148 1741 1378 1806 contineantur

228 1844 371 1909 interius.

273 1949 358 2011 Item
381 1947 561 2012 instantiae
577 1948 758 2032 conformes
779 1957 857 2012 sunt
877 1948 997 2032 pinnae
1019 1946 1158 2032 piscium
1168 1945 1204 2027 ⁸⁹,
1222 1959 1257 2014 et
1277 1950 1379 2032 pedes

227 2052 487 2136 quadrupedum,
510 2061 567 2117 aut
597 2053 700 2136 pedes
723 2063 756 2116 et
783 2051 856 2116 alae
881 2051 1075 2131 volucrum;
1109 2052 1228 2134 quibus
1249 2053 1379 2118 addidit

228 2155 428 2221 Aristoteles
452 2167 593 2240 quatuor
618 2156 787 2222 volumina
810 2156 842 2219 in
866 2165 958 2219 motu
982 2165 1169 2239 serpentum
1182 2155 1218 2220 ⁹⁰.
1278 2155 1378 2221 Adeo

263 2442 284 2472 *ὃ
303 2443 389 2499 ‘This
403 2445 514 2500 remark
531 2463 623 2502 seems
636 2458 665 2502 to
677 2448 749 2502 have
762 2447 834 2502 been
847 2444 999 2516 suggested
1011 2445 1048 2515 by
1061 2462 1078 2500 a
1092 2443 1199 2499 similar
1214 2461 1335 2516 passage
1347 2445 1376 2501 in

229 2526 363 2595 Telesius,
376 2529 421 2582 De
435 2530 543 2583 Rarum
559 2530 687 2598 Natura,
699 2530 735 2585 vi.
752 2531 783 2585 18
793 2530 855 2584 :-“
868 2530 996 2585 Masculo
1009 2569 1016 2582 .
1030 2568 1037 2582 .
1051 2567 1058 2582 .
1072 2567 1079 2581 .
1092 2544 1212 2596 magnus
1231 2529 1314 2584 datus
1334 2540 1377 2585 est

228 2611 311 2678 calor,
331 2611 377 2682 qui
399 2622 427 2667 et
448 2615 605 2668 membrum
627 2614 748 2684 genitale
769 2613 843 2668 foras
864 2613 1001 2684 propellat
1022 2621 1050 2668 et
1073 2611 1238 2680 sanguinem
1259 2613 1379 2667 multum
1465 2623 1469 2632 ·

227 2692 353 2764 beneque
365 2711 479 2750 omnem
492 2707 669 2767 compactum
682 2697 820 2765 conficiat,
833 2698 884 2752 &c
909 2694 1062 2750 Foeminae
1073 2705 1187 2749 autem.
1202 2732 1209 2747 .
1222 2734 1228 2748 .
1242 2696 1377 2765 languens

227 2775 331 2832 inditus
351 2789 394 2834 est
413 2780 497 2846 calor,
514 2780 561 2850 qui
580 2797 672 2852 neque
689 2780 811 2850 genitale
828 2797 879 2835 vas
897 2781 971 2836 toras
992 2779 1146 2849 propellere
1163 2793 1216 2833 nec
1234 2795 1251 2832 e
1270 2779 1378 2834 semine

228 2860 355 2930 spiritum
367 2863 486 2918 educere
499 2864 607 2934 queat.”
645 2866 707 2918 The
720 2863 846 2919 doctrine
858 2864 988 2918 however
999 2862 1031 2916 of
1044 2861 1100 2917 this
1116 2878 1236 2931 passage
1248 2878 1304 2917 was
1318 2862 1377 2918 first

227 2944 325 3012 taught
345 2946 383 3015 hy
401 2946 501 3013 Galen,
518 2946 588 3001 irorn
607 2948 698 3001 whom
717 2947 845 3002 Telesius
864 2945 979 3000 derived
997 2945 1026 2998 it.
1064 2945 1118 3000 See
1138 2945 1238 3013 Galen,
1251 2945 1295 2998 De
1317 2945 1377 3001 Usu

227 3027 372 3096 Patrium,
384 3029 438 3084 xiv.
451 3031 485 3085 63
521 3031 576 3084 Mr.
594 3029 671 3085 Ellis¹
684 3040 757 3086 note.
797 3031 822 3084 lt
842 3029 942 3098 hardly
955 3028 1041 3083 needs
1059 3036 1088 3083 to
1105 3028 1141 3082 be
1159 3027 1296 3083 observed
1314 3029 1375 3084 that

228 3109 284 3164 this
296 3111 379 3181 lancy
392 3114 443 3168 has
455 3130 493 3167 no
505 3113 671 3167 foundation
684 3113 714 3167 in
726 3113 792 3169 lact.

263 3193 285 3224 ⁸⁹
303 3195 372 3250 This
384 3197 512 3266 analogy,
523 3213 555 3251 so
565 3197 607 3250 iar
618 3215 652 3251 as
661 3196 747 3264 birds,
757 3195 946 3267 quadrupede,
957 3196 1013 3250 and
1023 3195 1108 3250 fisbes
1122 3211 1169 3250 are
1178 3195 1343 3264 oonoemed,
1353 3195 1377 3250 is

227 3277 332 3345 agood
344 3295 404 3334 one.
443 3281 470 3335 lt
487 3296 586 3335 occurs
599 3280 666 3335 both
682 3279 710 3334 in
722 3279 857 3335 Aristotle
869 3279 926 3334 and
941 3278 1031 3349 Pliny.
1067 3280 1121 3335 See
1133 3277 1219 3333 Arist.
1234 3277 1309 3333 Hist.
1321 3279 1376 3333 An.

227 3360 244 3415 i.
259 3373 273 3430 5
289 3361 394 3430 (Berlin
408 3362 470 3431 Ed,
484 3380 511 3434 p.
525 3377 578 3432 49⁰
590 3381 616 3418 a.
630 3364 673 3428 26,
686 3362 763 3432 &c.):
784 3365 896 3416 Κιεείςιιι
912 3362 941 3416 δι’
957 3362 989 3415 τὰ
1006 3360 1139 3430 κινούμενα
1154 3361 1238 3416 πάντα
1254 3359 1377 3432 τίπσρσι

226 3445 343 3512 σημείοις
354 3443 369 3514 ἦ
381 3443 495 3515 πλείοσι,
508 3447 541 3500 τίι
552 3447 599 3514 μίν
611 3446 700 3510 ἔναιμα
715 3446 837 3514 ςείςιιρσι
853 3447 941 3515 μόνον,
953 3441 1009 3499 οἶον
1019 3444 1153 3516 ἅνθρωπος
1167 3445 1215 3513 μίν
1225 3445 1303 3514 χερσί
1317 3443 1377 3500 δυσί

227 3531 268 3582 καὶ
279 3529 344 3583 ποσί
357 3529 441 3597 δυσίν,
453 3527 522 3600 ὅρνις
535 3529 563 3583 δέ
575 3529 682 3601 πτέρυξι
694 3530 757 3585 δυσί
769 3530 810 3583 καὶ
822 3530 887 3585 ποσί
903 3529 973 3598 δυσί,
985 3529 1018 3585 τὰ
1035 3528 1063 3583 δι’
1079 3527 1225 3598 τετράποδα
1237 3528 1279 3583 καί
1291 3526 1379 3599 ίχθιίες

226 3611 258 3665 τὸ
270 3613 317 3680 μίν
327 3613 450 3684 τίπσμσι
462 3613 551 3677 ποσίν,
564 3613 589 3666 ol
601 3612 630 3666 di
643 3613 764 3683 ςίςτσρσι
780 3609 934 3683 πτερυγίοις.
967 3611 1040 3667 'Oua
1053 3612 1082 3666 di
1099 3608 1146 3665 δίο
1158 3611 1213 3682 ἔχει
1224 3609 1377 3683 ιιςερίιγιση

226 3695 295 3752 ὅλως
306 3693 350 3765 μη,
360 3691 415 3750 olon
423 3695 494 3767 ὄφις,
502 3695 626 3765 τέτταρσι
639 3697 754 3764 σημείοις
766 3695 842 3750 οὐθὲν
850 3693 935 3765 ἦττον·
954 3697 980 3750 σί
991 3697 1042 3768 γὰρ
1055 3694 1151 3764 anparai
1162 3692 1317 3764 ςίιτσρες,ίη
1330 3693 1377 3749 δίο

227 3777 278 3833 σὺν
288 3781 343 3835 τοῖς
356 3781 510 3852 πτερυγίοις.
543 3777 614 3835 'Oua
633 3778 655 3832 δ’
667 3779 761 3848 ἄναιμα
779 3777 841 3833 ὅπα
858 3779 964 3835 πλείονι
981 3779 1063 3834 πόδας
1082 3779 1144 3848 ἔχει,
1157 3775 1209 3832 tire
1227 3778 1309 3846 mad
1326 3774 1378 3832 εἴτε

225 3863 298 3929 πεζά,
318 3864 433 3932 σημείας
451 3866 555 3917 κινεῖται
572 3859 702 3926 πλείοσιν,
715 3863 790 3918 ιι,τ,λ.
829 3863 880 3933 Cp.
901 3864 946 3918 De
966 3864 1080 3918 Incessu
1099 3861 1277 3928 Animalium,
1290 3860 1308 3914 i.
1322 3861 1377 3929 7,8

169 4011 174 4024 .
228 3945 333 4012 (Berlin
347 3947 410 4014 Ed,
424 3964 471 4017 pp.
484 3945 592 4014 707-8).
630 3948 685 4003 See
704 3947 763 4000 also
783 3946 873 4015 Pliny,
886 3947 954 4001 Nat.
969 3945 1044 4000 Hist.
1061 3945 1095 4000 ix.
1113 3945 1157 4000 cb.
1171 3959 1206 3997 20
1219 3943 1298 4012 (sect.
1311 3943 1375 4012 73):

226 4030 313 4084 ‘Ideo
334 4030 483 4100 pinnarum
504 4047 614 4101 quoque
632 4030 703 4085 fiunt
724 4029 897 4098 discrimina,
914 4045 986 4099 quae
1008 4028 1112 4098 pedum
1131 4027 1191 4082 vice
1210 4037 1274 4081 sunt
1291 4027 1377 4082 datae

226 4113 365 4184 piscibus:
384 4114 467 4168 nullis
480 4129 565 4184 supra
577 4123 727 4184 quaternas
739 4131 745 4168 :
757 4111 934 4182 'quibusdam
947 4110 1038 4177 binae,
1051 4109 1190 4180 aliquibus
1203 4110 1304 4164 nullae.
1342 4110 1376 4164 In

226 4197 334 4251 fucino
346 4207 455 4252 tantum
468 4198 529 4252 lacu
542 4197 629 4267 piscis
641 4205 693 4264 est,
707 4195 754 4267 qui
767 4195 875 4250 octonis
888 4194 981 4266 pinnis
993 4196 1087 4249 natat?

262 4279 283 4310 ⁹⁰
302 4281 357 4336 See
378 4281 427 4335 the
449 4291 503 4336 two
523 4297 659 4351 passages
677 4280 748 4333 from
767 4279 900 4334 Aristotle
921 4277 1044 4333 referred
1063 4288 1092 4334 to
1111 4277 1138 4332 in
1157 4277 1206 4332 the
1226 4278 1281 4332 last
1300 4287 1377 4331 note.

226 4362 296 4418 This
310 4363 333 4418 is
347 4381 364 4418 a
375 4364 494 4434 ‘glaring
507 4363 645 4419 instance’
655 4363 687 4418 oi
696 4363 744 4418 the
754 4363 893 4431 tendency
903 4362 936 4418 oi
944 4363 991 4417 the
1001 4363 1107 4416 human
1118 4359 1196 4415 mind
1208 4361 1376 4431 ‘supponere

226 4447 360 4517 majorem
378 4447 506 4502 ordinem
524 4457 552 4502 et
570 4447 768 4518 aequalitatem
787 4445 816 4500 in
835 4447 918 4502 rebus
937 4462 1021 4516 quarn
1043 4444 1163 4500 invenit'
1181 4453 1209 4500 et
1228 4442 1376 4513 ‘affingere

225 4531 359 4601 parallela
371 4540 398 4586 et
412 4529 659 4602 correspondentia
670 4540 698 4587 et
710 4530 827 4586 relativa
839 4545 912 4599 quae
924 4546 980 4584 non
994 4528 1075 4585 sunt!
