3358 5152
297 380 359 460 278
674 385 831 442 Novum
852 383 1070 440 onoxivuM.

295 553 346 616 At
373 551 471 616 turba
501 549 600 633 longe
627 550 773 613 maxima
800 548 881 612 nihil
908 571 951 613 ex
977 549 1042 613 hoc
1068 547 1165 632 sapit,
1191 548 1249 611 sed
1281 547 1448 611 meritoria

296 656 394 740 plane
420 666 470 720 est
501 666 534 720 et
565 654 782 739 professoria3
812 654 874 717 nisi
901 654 987 718 torte
1016 653 1214 735 quandoque
1244 653 1381 730 eveniat,
1412 662 1448 714 ut

298 761 418 825 artifex
441 759 558 841 aliquis
580 759 715 823 acrioris
736 758 863 848 ingenii,
881 766 915 820 et
935 757 1061 840 gloriae
1080 757 1227 840 cupidus,
1244 777 1332 820 novo
1353 755 1448 819 alicui

297 867 431 928 invento
449 864 506 928 det
526 883 681 946 operam3
703 861 793 944 quod
813 861 881 925 fere
901 860 939 925 fit
957 881 1033 926 cum
1052 858 1245 924 facultatum
1265 859 1447 942 dispendio.

297 967 347 1031 At
362 968 451 1052 apud
467 965 641 1050 plerosque
656 975 785 1030 tantum
801 966 895 1030 abest
908 976 945 1030 ut
960 965 1112 1028 homines
1126 965 1159 1028 id
1172 964 1235 1028 sibi
1251 975 1448 1048 proponant,

298 1083 335 1138 ut
351 1073 559 1136 scientiarum
575 1081 608 1135 et
624 1073 745 1135 artium
762 1091 871 1135 massa
886 1079 1099 1154 augmentum
1115 1069 1273 1144 obtineat,
1290 1079 1328 1133 ut
1343 1090 1386 1132 ex
1402 1090 1450 1145 ea,

299 1196 384 1258 quae
414 1185 546 1259 praesto
575 1185 635 1253 est,
663 1195 771 1238 massa
797 1175 842 1238 nil
868 1175 1011 1258 amplius
1037 1184 1169 1238 sumant
1195 1184 1253 1237 aut
1282 1182 1449 1255 quaerant,

296 1301 398 1364 quam
419 1289 579 1362 quantum
597 1281 640 1344 ad
664 1300 759 1343 usum
779 1279 1010 1364 professoriam
1031 1288 1088 1344 aut
1107 1277 1233 1341 lucrum
1256 1288 1313 1341 aut
1334 1277 1450 1341 existi·

298 1385 477 1449 mationem
509 1394 567 1448 aut
599 1383 789 1465 hujusmodi
823 1385 1021 1466 compendia
1053 1392 1244 1446 convertere
1276 1381 1405 1464 possint
1415 1379 1450 1442 ²⁷.

297 1625 427 1680 Valerius
440 1625 589 1680 Terminus
603 1623 648 1694 (E.
661 1625 719 1680 and
732 1625 770 1692 S.,
783 1625 837 1680 vol.
850 1623 887 1679 iii.
901 1641 948 1695 pp.
965 1622 1107 1692 117-224).
1144 1624 1237 1678 There
1251 1625 1348 1677 Bacon
1361 1623 1450 1688 takes,

297 1725 329 1762 as
344 1710 355 1761 Ι
370 1707 510 1774 conceive,
524 1726 562 1762 an
575 1708 681 1779 unduly
693 1725 802 1762 narrow
815 1707 893 1762 view.
930 1707 992 1762 ‘All
1004 1706 1185 1776 knowledge,'
1199 1707 1236 1760 he
1249 1723 1323 1775 says,
1334 1706 1450 1761 ‘should

298 1791 335 1846 be
353 1792 474 1846 referred
492 1801 524 1846 to
540 1809 590 1847 use
608 1793 666 1846 and
684 1791 794 1846 action!
832 1791 1026 1861 ‘Knowledge
1044 1791 1105 1845 that
1119 1790 1235 1846 tendeth
1253 1791 1304 1845 but
1322 1801 1351 1845 to
1368 1791 1450 1846 satis·

298 1875 403 1930 saction
422 1875 447 1930 is
465 1875 515 1930 but
534 1893 566 1929 as
578 1893 596 1930 a
610 1884 764 1941 courtesan,
778 1874 869 1928 which
890 1874 913 1929 is
931 1874 975 1928 ior
993 1875 1120 1945 pleasure
1138 1874 1196 1927 and
1214 1883 1263 1928 not
1281 1875 1323 1928 sor
1341 1874 1406 1929 fruit
1419 1892 1451 1928 or
1519 1941 1524 1951 ι

298 1957 478 2028 generation'
516 1961 549 2012 ln
568 1959 615 2014 the
633 1975 712 2014 same
730 1958 818 2028 spirit,
836 1975 869 2012 or
887 1959 916 2013 in
934 1957 1131 2027 exaggeration
1149 1957 1181 2012 ol
1195 1958 1243 2012 the
1263 1974 1341 2012 same
1363 1957 1450 2027 spirit,

300 2044 400 2098 Comte
419 2042 526 2112 objecta
546 2052 576 2096 to
598 2042 645 2097 the
664 2042 816 2097 continued
838 2041 1002 2097 cultivation
1024 2041 1056 2095 of
1072 2041 1190 2096 sidereal
1212 2049 1384 2111 astronomy,
1403 2041 1451 2096 the

298 2126 396 2180 search
411 2125 470 2180 into
483 2125 530 2180 the
544 2125 663 2180 internal
680 2124 862 2180 constitution
875 2125 907 2180 oi
916 2125 964 2179 the
980 2141 1042 2188 sun,
1056 2125 1114 2178 and
1126 2125 1208 2178 other
1225 2125 1347 2194 pursuits
1360 2124 1451 2178 which

299 2226 347 2264 are
360 2219 408 2263 not
428 2209 510 2279 likely
522 2218 552 2264 to
570 2208 728 2264 contribute
739 2218 769 2262 to
787 2209 836 2263 the
850 2209 959 2263 weltare
975 2209 1006 2262 of
1021 2208 1167 2263 mankind.
1205 2211 1268 2273 But,
1281 2218 1361 2278 apart
1380 2209 1451 2262 irorn

298 2293 346 2346 the
360 2293 511 2362 legitimate
530 2291 587 2345 and
600 2293 676 2347 often
695 2291 831 2362 exquisite
844 2294 971 2362 pleasure
990 2302 1019 2347 to
1038 2293 1073 2346 be
1091 2291 1206 2347 derived
1224 2292 1294 2346 lrorn
1313 2293 1392 2346 these
1411 2291 1451 2346 in-

299 2375 491 2446 vestigations,
515 2393 580 2444 may
602 2378 669 2445 they
690 2387 740 2430 not
761 2377 796 2431 be
815 2376 940 2446 justified
961 2377 1000 2445 by
1017 2377 1091 2432 their
1109 2377 1249 2446 tendency
1262 2387 1290 2430 to
1309 2376 1399 2430 divert
1418 2393 1451 2431 us

299 2459 370 2514 from
390 2462 494 2529 merely
513 2459 610 2514 seliish
628 2459 709 2529 aims,
728 2461 766 2530 by
784 2461 833 2514 the
852 2460 982 2516 interests
1001 2459 1093 2514 which
1112 2460 1178 2529 they
1191 2461 1278 2515 excite
1297 2461 1325 2514 in
1344 2461 1451 2530 objects

298 2543 422 2598 external
434 2553 463 2598 to
481 2545 631 2610 ourselves,
644 2544 701 2598 and
714 2544 752 2614 by
765 2545 813 2598 the
826 2544 967 2614 widening
982 2544 1038 2598 and
1051 2544 1191 2613 elevating
1210 2543 1347 2600 intluence
1360 2544 1451 2598 which

297 2627 364 2696 they
377 2645 409 2682 so
421 2628 576 2697 frequently
589 2637 664 2683 exert
677 2644 714 2681 on
728 2628 776 2682 the
789 2627 911 2682 intellect
924 2627 982 2682 and
996 2627 1160 2682 character?

335 2711 418 2764 Fora
426 2710 554 2765 different
566 2711 624 2765 and
638 2727 715 2765 more
728 2709 825 2766 liberal
837 2711 907 2766 view
919 2711 951 2765 ol
961 2712 1008 2766 the
1021 2711 1138 2766 relation
1152 2713 1275 2766 between
1287 2710 1451 2780 knowledge

298 2793 355 2848 and
371 2793 501 2862 practice,
513 2794 634 2849 ‘veritas
646 2804 674 2848 et
687 2794 809 2860 utilitas,’
823 2811 870 2848 see
882 2796 957 2865 Aph.
970 2809 1036 2862 124;
1056 2796 1112 2849 and
1126 2811 1168 2865 cp.
1180 2812 1228 2864 my
1240 2805 1321 2850 notes
1334 2812 1408 2864 upon
1422 2793 1451 2850 it.

335 2873 356 2906 ῃ
375 2879 426 2946 Cp.
442 2878 487 2932 De
505 2877 682 2946 AugmentiS,
702 2878 747 2932 lib.
761 2877 779 2932 i.
800 2877 847 2946 (E.
867 2879 925 2932 and
944 2880 982 2946 S.,
995 2880 1048 2932 vol.
1062 2879 1079 2933 i.
1099 2896 1146 2949 pp.
1159 2877 1278 2947 462-3):
1298 2879 1451 2933 ‘Omnium

298 2969 394 3014 autem
412 2960 593 3028 gravissimus
611 2979 688 3016 error
707 2959 735 3016 in
755 2959 914 3016 deviatione
932 2962 969 3016 ab
988 2961 1085 3016 ultimo
1104 2962 1293 3017 doctrinarum
1313 2963 1366 3017 fine
1385 2979 1451 3016 con-

299 3041 379 3097 sistit.
416 3043 561 3112 Appetunt
583 3044 658 3098 enirn
680 3043 809 3099 homines
837 3044 992 3112 scientiam,
1015 3045 1061 3099 alii
1086 3063 1120 3099 ex
1142 3044 1225 3099 insita
1245 3045 1402 3100 curiositate
1423 3055 1451 3100 et

299 3125 463 3195 irrequieta3
487 3127 533 3180 alii
552 3126 638 3181 animi
658 3145 744 3182 causa
762 3139 789 3184 et
808 3127 1020 3196 delectationis;
1043 3129 1089 3183 alii
1111 3128 1324 3184 existimationis
1344 3128 1450 3198 gratia;

298 3207 346 3264 alii
365 3208 552 3265 contentionis
572 3227 647 3279 ergo,
667 3222 751 3282 atque
772 3222 802 3266 ut
825 3211 853 3266 in
873 3212 1039 3267 disserendo
1057 3212 1212 3282 superiores
1231 3213 1306 3277 sint;
1327 3212 1451 3282 plerique

299 3302 413 3362 propter
424 3293 532 3347 lucrum
545 3303 572 3347 et
585 3293 708 3361 victum3
728 3293 887 3365 paucissimi
902 3305 931 3351 ut
952 3296 1057 3350 donum
1074 3296 1190 3351 rationis
1203 3295 1338 3351 divinitus
1355 3297 1452 3350 datum

299 3373 329 3428 in
343 3391 410 3429 usus
422 3375 537 3430 humani
549 3377 660 3445 generis
677 3376 849 3447 impendant.
887 3379 981 3446 Plane,
994 3379 1074 3449 quasi
1087 3379 1116 3433 in
1134 3379 1261 3434 doctrina
1273 3389 1452 3450 quaereretur

299 3459 426 3526 lectulus,
441 3459 468 3512 in
482 3476 538 3529 quo
549 3461 723 3515 tumultuans
736 3460 879 3530 ingenium
891 3473 918 3516 et
932 3472 1064 3518 aestuans
1077 3464 1276 3533 requiesceret;
1296 3473 1343 3518 aut
1355 3473 1451 3532 xystus

298 3541 359 3596 sive
373 3541 503 3612 porticus,
517 3543 546 3596 in
566 3560 622 3613 quo
633 3543 744 3598 animus
764 3545 956 3600 deambularet
968 3545 1039 3601 liber
1051 3557 1098 3601 aut
1111 3564 1215 3616 vagus;
1234 3557 1282 3602 aut
1301 3548 1383 3602 turris
1395 3549 1452 3602 alta

299 3633 327 3680 et
339 3625 423 3693 edita,
437 3626 473 3680 de
486 3643 541 3696 qua
560 3643 640 3681 mens
658 3628 806 3683 ambitiosa
819 3638 846 3684 et
865 3631 986 3698 superba
1005 3630 1196 3700 despectaret;
1216 3641 1263 3686 aut
1282 3649 1331 3686 arx
1347 3642 1374 3686 et
1387 3648 1451 3702 pro-

300 3710 489 3778 pugnaculum
510 3711 547 3764 ad
567 3711 761 3766 contentiones
785 3721 813 3767 et
833 3713 957 3783 praelia;
985 3723 1033 3768 aut
1058 3714 1170 3769 officina
1193 3714 1231 3769 ad
1252 3726 1399 3785 quaestum
1424 3724 1452 3771 et

300 3803 455 3847 mercatum
467 3811 473 3859 ;
492 3803 520 3847 et
532 3810 589 3847 non
602 3794 694 3865 potius
707 3797 830 3866 locuples
842 3796 994 3851 armarium
1006 3807 1035 3852 et
1046 3799 1283 3868 gazophylacium,
1294 3800 1330 3854 ad
1343 3799 1451 3869 opificis

299 3892 393 3930 rerum
411 3875 537 3930 omnium
558 3877 675 3947 gloriam
693 3888 721 3933 et
740 3879 814 3934 vitae
836 3881 977 3936 humanae
999 3881 1161 3938 subsidium.
1201 3885 1265 3938 Hoc
1286 3883 1363 3938 enirn
1385 3883 1452 3937 illud

300 3969 351 4027 est,
365 3959 441 4029 quod
457 3978 553 4017 revera
572 3962 727 4017 doctrinam
741 3973 825 4034 atque
837 3975 910 4018 artes
930 3964 1129 4020 condecoraret
1142 3976 1171 4021 et
1189 3967 1335 4034 attolleret,
1349 3965 1372 4021 si
1385 3984 1451 4022 con·

300 4043 446 4113 templatio
471 4055 499 4098 et
519 4044 592 4100 actio
616 4046 734 4100 arctiore
758 4065 843 4118 quam
868 4047 961 4102 adhuc
986 4047 1097 4104 vinculo
1121 4051 1325 4120 copularentur.
1373 4051 1453 4119 Quae

301 4136 374 4181 certe
394 4127 553 4197 conjunctio
571 4128 635 4184 talis
654 4130 733 4196 soret,
752 4131 841 4200 qualis
860 4142 903 4185 est
925 4149 1118 4202 supremorum
1138 4133 1256 4188 duorum
1278 4135 1451 4204 planetarum

300 4210 419 4280 syzygia,
442 4229 506 4266 cum
528 4212 675 4282 Saturnus,
697 4213 799 4285 quietis
821 4226 848 4270 et
868 4215 1109 4286 contemplationis
1126 4218 1190 4286 dux,
1210 4234 1274 4272 curn
1289 4219 1367 4287 Jove,
1380 4220 1452 4273 duce

301 4292 442 4349 societatis
456 4295 623 4366 agendique,
636 4297 792 4367 conspiret)

337 4375 399 4430 The
411 4378 501 4432 whole
519 4379 550 4432 os
558 4380 606 4434 the
625 4379 699 4435 First
713 4381 793 4435 Book
811 4382 843 4435 of
857 4383 904 4436 the
922 4382 967 4436 De
979 4383 1146 4451 Augmentis
1166 4383 1189 4439 is
1208 4384 1343 4454 occupied
1357 4384 1422 4439 with
1436 4403 1453 4438 a

300 4457 417 4514 defence
430 4461 461 4516 of
474 4462 643 4534 Knowledge
655 4463 713 4518 and
725 4481 743 4519 a
755 4474 904 4520 statement
917 4465 950 4520 of
958 4466 994 4521 its
1007 4466 1115 4536 dignity
1127 4468 1183 4522 and
1196 4467 1275 4523 ends.
