3308 5152
628 378 885 435 PRAEFATIO.
1266 373 1326 485 {⁶3

176 542 372 607 authoribus
404 542 560 608 ornandis
592 553 626 607 et
659 543 820 627 stipandis
855 543 962 607 servili
998 545 1105 608 officio
1139 543 1326 627 funguntur.

176 647 295 729 Neque
311 646 391 710 illud
407 647 523 711 aflerat
539 647 715 730 quispiam,
731 649 882 712 scientias
899 647 1071 731 paullatim
1088 658 1327 713 succrescentes

175 752 312 814 tandem
328 753 370 814 ad
386 760 510 815 statum
531 751 698 832 quendam
719 752 914 834 pervenisse,
930 763 963 816 et
978 763 1050 816 tum
1069 754 1203 815 demum
1220 749 1327 835 (quasi

175 855 334 919 consectis
355 855 471 936 spatiis
493 852 664 938 legitimis)
689 856 720 918 in
744 857 899 936 operibus
922 877 1102 938 paucorum
1126 858 1221 920 sedes
1242 854 1327 919 fixas

176 959 344 1040 posuisse3
368 969 469 1039 atque
485 968 661 1040 postquam
677 957 722 1020 nil
740 959 856 1022 melius
878 961 1015 1023 inveniri
1037 961 1190 1043 potuerit,
1206 971 1328 1023 restare

177 1062 303 1126 scilicet
325 1072 362 1127 ut
382 1083 467 1144 quae
489 1062 621 1126 inventa
644 1063 708 1125 sint
730 1073 930 1127 exornentur
952 1075 985 1127 et
1008 1065 1168 1129 colantur.
1213 1063 1328 1146 Atque

177 1168 362 1249 optandum
386 1166 521 1248 quidem
542 1177 629 1230 esset
649 1166 730 1229 haec
754 1167 799 1230 ita
822 1189 857 1230 se
880 1168 1040 1232 habuisse.
1086 1167 1223 1232 Rectius
1247 1166 1326 1230 illud

178 1281 211 1333 et
228 1271 344 1346 verius,
360 1271 439 1334 istas
454 1270 664 1335 scientiarum
681 1270 940 1353 mancipationes
955 1273 1000 1334 nil
1022 1271 1111 1336 aliud
1134 1292 1206 1335 esse
1226 1291 1326 1352 quam

179 1395 248 1437 rem
264 1394 308 1437 ex
324 1393 504 1460 paucorum
516 1372 687 1436 hominum
705 1373 904 1438 confidentia
916 1385 950 1438 et
963 1375 1160 1457 reliquorum
1176 1373 1328 1439 socordia

178 1489 212 1542 et
236 1478 350 1542 inertia
372 1488 495 1541 natam.
541 1477 723 1560 Postquam
747 1479 835 1542 enirn
858 1480 1015 1544 scientiae
1037 1501 1095 1563 per
1118 1488 1229 1563 partes
1252 1478 1326 1541 dili-

178 1592 295 1664 genter
309 1582 447 1646 lortasse
462 1582 616 1646 excultae
631 1592 665 1645 et
680 1591 841 1647 tractatae
857 1582 984 1660 fuerint,
1000 1593 1071 1648 tum
1088 1584 1172 1647 sorte
1190 1594 1328 1647 exortus

179 1696 229 1750 est
244 1687 370 1768 aliquis,
388 1687 520 1769 ingenio
539 1688 651 1750 audax
673 1696 707 1749 et
728 1697 864 1770 propter
884 1687 1031 1752 methodi
1054 1688 1251 1770 compendia
1272 1706 1327 1751 ac·

179 1802 293 1873 ceptus
309 1800 341 1853 et
353 1790 545 1866 celebratus,
558 1791 614 1872 qui
629 1791 739 1874 specie
753 1800 851 1854 tenus
865 1801 970 1855 artem
987 1792 1203 1866 constituerit,
1216 1812 1328 1855 revera

179 1905 328 1958 veterum
351 1894 479 1958 labores
502 1894 692 1976 corruperit.
739 1893 779 1957 Id
801 1905 915 1957 tamen
939 1895 1078 1976 posteris
1101 1905 1233 1978 gratum
1257 1914 1329 1958 esse

179 1998 272 2074 solet,
292 2007 427 2082 propter
450 2018 546 2062 usum
573 1997 681 2079 operis
708 1999 903 2079 expeditum
927 2008 960 2062 et
983 1999 1201 2082 inquisitionis
1223 2019 1328 2062 novae

178 2104 326 2165 taedium
345 2113 378 2166 et
398 2103 648 2184 impatientiam.
695 2100 794 2184 Quod
816 2102 843 2165 si
866 2103 940 2183 quis
963 2123 1123 2167 consensu
1143 2103 1215 2185 jam
1238 2103 1327 2166 inve·

180 2217 287 2270 terato
310 2216 469 2289 tanquam
495 2207 654 2289 temporis
678 2205 803 2288 judicio
829 2217 1011 2284 moveatur,
1033 2208 1116 2272 sciat
1142 2229 1176 2271 se
1200 2208 1328 2270 ratione

180 2312 362 2375 admodum
373 2310 480 2374 fallaci
496 2319 530 2373 et
545 2309 675 2374 infirma
690 2311 759 2373 niti.
798 2309 917 2392 Neque
932 2312 1021 2374 enim
1037 2311 1133 2374 nobis
1149 2332 1269 2394 magna
1285 2331 1328 2373 ex

180 2425 275 2499 parte
301 2425 417 2478 notum
445 2425 504 2491 est,
527 2414 606 2496 quid
632 2415 664 2477 in
688 2413 830 2479 scientiis
856 2423 890 2477 et
916 2415 1050 2492 artibus,
1070 2415 1168 2479 variis
1192 2414 1329 2478 saeculis

180 2529 214 2582 et
238 2518 327 2597 locis,
350 2520 527 2582 innotuerit
554 2528 589 2582 et
615 2520 648 2582 in
675 2519 843 2602 publicum
870 2520 1049 2596 emanarit;
1081 2519 1187 2583 multo
1212 2519 1329 2592 minus,

180 2623 261 2704 quid
277 2643 297 2686 a
312 2622 446 2705 singulis
466 2631 630 2686 tentatum
651 2624 694 2685 sit
714 2633 748 2688 et
768 2631 895 2686 secreto
916 2623 1087 2705 agitatum.
1134 2622 1250 2704 ltaque
1270 2642 1330 2685 nec

180 2728 341 2809 temporis
366 2737 483 2809 partus
509 2747 568 2790 nec
596 2727 731 2790 abortus
760 2735 879 2790 extant
906 2727 939 2788 in
967 2726 1069 2791 lastis.
1115 2726 1233 2808 Neque
1260 2727 1330 2808 ipse

181 2852 356 2896 consensus
370 2831 507 2913 ejusque
523 2831 719 2895 diuturnitas
740 2832 851 2915 magni
872 2851 1004 2914 prorsus
1025 2832 1246 2895 aestimandus
1268 2840 1328 2894 est.

181 2936 361 3017 Utcunque
377 2937 464 2998 enim
480 2936 569 2999 varia
591 2937 655 3000 sint
675 2955 795 3017 genera
815 2935 1014 3018 politiamm,
1030 2937 1143 2999 unicus
1158 2947 1208 2999 est
1224 2945 1330 2999 status

182 3040 400 3117 scientiarum,
430 3040 524 3121 isque
554 3060 684 3122 semper
713 3041 775 3102 fuit
805 3049 838 3102 et
869 3061 1041 3104 mansurus
1071 3050 1121 3104 est
1151 3039 1328 3122 popularis.

181 3143 297 3225 Atque
324 3145 413 3226 apud
440 3142 602 3226 populum
629 3143 807 3227 plurimum
832 3144 945 3226 vigent
972 3144 1140 3208 doctrinae
1167 3154 1225 3206 aut
1251 3163 1329 3207 con·

181 3248 342 3311 tentiosae
358 3257 391 3312 et
406 3267 572 3330 pugnaces
588 3257 645 3310 aut
666 3249 833 3330 speciosae
855 3257 888 3310 et
910 3249 1031 3321 inanes,
1048 3247 1162 3329 quales
1177 3246 1330 3310 videlicet

182 3371 351 3414 assensum
387 3363 445 3414 aut
483 3351 661 3433 illaqueant
698 3361 756 3415 aut
788 3350 985 3415 demulcent.
1032 3352 1150 3433 ltaque
1183 3352 1331 3414 maxima

183 3455 313 3537 ingenia
328 3455 546 3538 proculdubio
562 3477 620 3538 per
635 3455 779 3538 singulas
795 3464 921 3518 aetates
936 3456 1003 3518 vim
1020 3477 1117 3538 passa
1133 3466 1227 3531 sunt3
1249 3456 1330 3519 dum

182 3559 242 3621 viri
258 3571 357 3640 captu
373 3570 407 3623 et
423 3559 589 3624 intellectu
607 3580 671 3622 non
683 3559 842 3641 vulgares,
855 3558 956 3623 nihilo
972 3561 1076 3623 secius
1094 3557 1331 3622 existimationi

183 3684 262 3726 suae
290 3663 506 3741 consulentes,
534 3666 693 3748 temporis
723 3673 756 3726 et
787 3662 1007 3727 multitudinis
1034 3663 1159 3744 judicio
1189 3684 1224 3726 se
1254 3663 1331 3725 sub·

184 3767 338 3830 miserint.
365 3766 591 3850 Quamobrem
604 3768 737 3832 altiores
748 3767 1045 3850 contemplationes
1057 3768 1083 3831 si
1094 3768 1179 3831 forte
1192 3786 1331 3850 usquam

183 3871 383 3946 emicuerint‚
400 3871 593 3953 opinionum
609 3870 794 3954 vulgarium
810 3872 916 3934 ventis
934 3873 1073 3935 subinde
1092 3873 1238 3954 agitatae
1256 3879 1332 3933 sunt

183 3986 216 4038 et
246 3975 424 4039 extinctae.
469 3974 568 4039 Adeo
599 3986 635 4039 ut
662 3976 818 4058 Tempus,
844 3985 1003 4058 tanquam
1034 3975 1160 4053 fluvius,
1185 3975 1269 4039 levia
1298 3983 1333 4036 et

184 4077 297 4142 inflata
318 4079 361 4141 ad
384 4099 444 4142 nos
470 4080 649 4155 devexerit,
672 4080 785 4161 gravia
809 4089 843 4143 et
868 4080 973 4144 solida
998 4081 1198 4144 demerserit.
1242 4078 1332 4161 Quin

184 4194 217 4247 et
239 4184 285 4246 illi
306 4183 366 4265 ipsi
389 4183 544 4247 authores
567 4185 623 4265 qui
647 4185 846 4248 dictaturam
870 4185 1036 4266 quandam
1060 4185 1092 4246 in
1115 4183 1259 4248 scientiis
1283 4182 1332 4243 in-

183 4299 338 4352 vaserunt
354 4298 387 4351 et
401 4298 495 4352 tanta
511 4289 710 4352 confidentia
726 4290 768 4352 de
784 4289 882 4352 rebus
899 4289 1208 4370 pronuntiantem
1222 4299 1334 4351 tamen
1417 4323 1422 4334 ·

184 4412 242 4473 per
268 4389 438 4456 intervalla
465 4392 507 4456 ad
534 4413 569 4456 se
596 4393 743 4469 redeunt,
766 4394 809 4456 ad
836 4393 1056 4473 querimonias
1082 4393 1124 4454 de
1150 4393 1334 4457 subtilitate

185 4507 332 4574 naturae,
361 4497 508 4560 veritatis
546 4497 734 4571 recessibus,
768 4516 875 4559 rerum
913 4496 1124 4573 obscuritate,
1162 4517 1332 4561 causamm

728 4613 756 4662 M
775 4617 794 4664 2
