3344 5152
339 392 401 455 166
779 396 1037 455 PRAEFATIO.

336 563 516 630 foelicitate
530 562 675 637 fortuita,
690 561 931 646 desperandum
944 572 1003 627 est.
1050 562 1169 645 Neque
1182 562 1268 626 enim
1281 561 1484 646 ingeniorum

337 679 589 752 quantacunque
612 666 815 742 excellentia,
839 687 945 750 neque
967 667 1157 748 experiendi
1184 667 1257 730 alea
1279 668 1411 750 saepius
1435 690 1483 732 re-

336 773 450 857 petita,
463 773 525 836 ista
535 772 665 836 vincere
674 781 784 854 queat.
816 770 965 853 Vestigia
976 769 1031 834 filo
1041 773 1184 854 regenda
1196 780 1272 833 sunt
1285 793 1291 832 :
1313 771 1485 853 omnisque

336 878 397 956 via,
414 898 515 960 usque
530 899 550 941 a
566 877 679 959 primis
696 877 775 960 ipsis
790 896 943 940 sensuum
964 876 1237 960 perceptionibus,
1253 885 1343 939 certa
1358 877 1485 939 ratione

337 982 522 1045 munienda
560 982 679 1063 Neque
694 980 776 1045 haec
791 980 837 1043 ita
852 980 1043 1063 accipienda
1058 989 1143 1054 sunt,
1155 1000 1193 1043 ac
1211 979 1238 1043 si
1254 979 1334 1043 nihil
1350 980 1484 1042 omnino

335 1095 387 1149 tot
410 1084 557 1161 saeculis,
575 1085 677 1149 tantis
698 1085 874 1160 laboribus,
895 1093 1005 1149 actum
1025 1085 1077 1148 sit.
1122 1084 1241 1166 Neque
1261 1086 1348 1147 enim
1370 1103 1484 1147 eorum

334 1208 421 1270 quae
443 1175 576 1252 inventa
597 1197 674 1251 sunt
697 1208 757 1252 nos
779 1189 935 1272 poenitet.
980 1187 1095 1270 Atque
1117 1188 1244 1270 antiqui
1268 1198 1364 1263 certe,
1389 1189 1421 1250 in
1446 1188 1484 1250 iis

333 1313 417 1375 quae
433 1294 465 1356 in
482 1293 614 1376 ingenio
629 1302 663 1357 et
679 1292 895 1356 meditatione
909 1291 1075 1357 abstracta
1094 1293 1203 1374 posita
1218 1303 1303 1370 sunt,
1319 1292 1484 1355 mirabiles

333 1417 370 1460 se
385 1397 474 1460 viros
489 1396 691 1478 praestitere.
727 1395 853 1458 Verum
866 1397 1147 1477 quemadmodum
1160 1395 1299 1461 saeculis
1313 1397 1484 1479 prioribus,

336 1520 411 1565 curn
428 1500 578 1564 homines
593 1500 624 1564 in
642 1500 827 1582 navigando
843 1521 901 1583 per
913 1499 1082 1564 stellarum
1095 1509 1226 1564 tantum
1239 1500 1484 1564 observationes

335 1623 465 1667 cursum
485 1605 678 1686 dirigebant,
696 1604 815 1667 veteris
830 1625 909 1668 sane
930 1605 1126 1668 continentis
1146 1625 1220 1668 oras
1239 1604 1346 1687 legere
1368 1613 1484 1686 potue-

335 1718 420 1784 runt,
450 1717 507 1771 aut
539 1709 641 1772 maria
670 1707 781 1790 aliqua
811 1709 938 1773 minora
973 1718 1007 1772 et
1043 1709 1282 1772 mediterranea
1317 1708 1484 1790 trajicere;

335 1811 526 1893 priusquam
549 1822 661 1875 autem
684 1831 824 1876 oceanus
846 1811 1051 1893 trajiceretur
1072 1822 1105 1875 et
1128 1813 1203 1875 novi
1227 1812 1315 1875 orbis
1336 1812 1484 1894 regiones

336 1914 574 1997 detegerentur,
589 1935 720 1979 necesse
743 1914 803 1977 suit
826 1934 921 1978 usum
942 1935 1019 1979 acus
1041 1917 1199 1991 nauticae,
1216 1925 1252 1978 ut
1272 1917 1389 1979 ducem
1412 1916 1485 1979 viae

335 2019 440 2101 magis
455 2017 558 2081 fidum
573 2031 606 2082 et
622 2028 758 2092 certum,
770 2019 966 2082 innotuisse:
990 2020 1089 2082 simili
1105 2040 1239 2101 prorsus
1252 2021 1386 2096 ratione,
1398 2040 1484 2101 quae

334 2121 502 2205 hucusque
529 2123 560 2186 in
587 2124 711 2186 artibus
737 2133 771 2186 et
797 2123 940 2186 scientiis
967 2125 1098 2188 inventa
1124 2135 1207 2201 sunt,
1231 2145 1269 2188 ea
1295 2123 1483 2205 hujusmodi

334 2236 410 2290 sunt
434 2237 470 2290 ut
493 2247 563 2304 usu,
583 2229 806 2305 meditatione,
827 2228 1042 2302 observand0,
1061 2230 1332 2312 argumentando,
1350 2229 1483 2310 reperiri

334 2331 522 2414 potuerint;
546 2340 662 2414 utpote
676 2352 762 2414 quae
777 2331 926 2395 sensibus
944 2333 1099 2415 propiora
1118 2334 1183 2397 sint
1201 2343 1234 2396 et
1255 2333 1485 2397 communibus

334 2435 522 2497 notionibus
545 2435 610 2498 sere
636 2435 847 2516 subjaceant3
877 2446 1055 2517 antequam
1078 2456 1155 2498 vero
1182 2436 1225 2500 ad
1252 2437 1429 2500 remotiora
1451 2445 1484 2499 et

334 2537 513 2601 occultiora
540 2550 677 2603 naturae
704 2538 802 2602 liceat
830 2539 1005 2623 appellere,
1032 2542 1214 2604 necessario
1243 2541 1418 2622 requiritur
1447 2551 1484 2604 ut

334 2642 450 2705 melior
480 2653 513 2706 et
545 2643 717 2726 perfectior
748 2644 867 2707 mentis
900 2654 934 2707 et
965 2642 1149 2707 intellectus
1179 2643 1313 2709 humani
1344 2665 1421 2708 usus
1450 2653 1483 2708 et

333 2747 528 2828 adoperatio
551 2747 787 2811 introducatur.

377 2850 449 2913 Nos
465 2859 561 2926 certe,
576 2860 710 2914 aeterno
727 2851 873 2915 veritatis
889 2871 1003 2915 amore
1020 2852 1151 2929 devicti,
1162 2851 1288 2915 viarum
1305 2853 1435 2916 incertis
1450 2861 1483 2916 et

333 2953 444 3017 arduis
459 2963 492 3016 et
508 2952 740 3018 solitudinibus
755 2975 816 3018 nos
831 2956 1056 3019 commisimus
1069 2980 1076 3031 3
1100 2967 1133 3019 et
1149 2956 1258 3019 divino
1274 2956 1398 3019 auxilio
1410 2957 1483 3019 sreti

334 3065 367 3120 et
389 3057 502 3132 innixi,
526 3068 669 3121 mentem
690 3069 837 3121 nostram
856 3069 889 3122 et
910 3070 1023 3123 contra
1043 3060 1234 3142 opinionum
1255 3059 1427 3123 violentias
1450 3071 1483 3123 et

333 3161 425 3241 quasi
451 3161 624 3225 instructas
646 3163 741 3238 acies,
762 3172 794 3225 et
818 3173 931 3226 contra
952 3165 1101 3246 proprias
1121 3173 1155 3227 et
1178 3165 1321 3228 internas
1342 3163 1483 3228 haesita·

332 3263 439 3327 tiones
468 3273 501 3328 et
531 3265 711 3348 scrupulos,
738 3277 771 3330 et
798 3276 910 3331 contra
941 3288 1047 3330 rerum
1075 3268 1232 3352 caligines
1258 3278 1291 3331 et
1317 3269 1420 3332 nubes
1450 3278 1484 3332 et

333 3369 550 3450 undequaque
559 3369 708 3432 volantes
721 3369 920 3453 phantasias,
929 3372 1163 3447 sustinuimus3
1182 3383 1219 3436 ut
1230 3373 1365 3436 tandem
1378 3375 1484 3456 magis

332 3469 400 3535 fida
420 3482 452 3535 et
473 3493 587 3536 secura
608 3474 726 3539 indicia
742 3475 927 3538 viventibus
947 3484 980 3538 et
1002 3476 1141 3559 posteris
1161 3496 1353 3560 comparare
1372 3497 1484 3558 posse·

332 3595 415 3638 mus,
461 3575 537 3658 Qua
555 3577 588 3639 in
605 3599 638 3640 re
652 3578 679 3640 si
695 3578 774 3659 quid
790 3580 1030 3659 profecerimus,
1040 3599 1105 3642 non
1121 3580 1186 3643 alia
1196 3600 1274 3643 sane
1290 3580 1374 3643 ratio
1389 3580 1483 3643 nobis

331 3679 419 3742 viam
435 3681 564 3762 aperuit
576 3701 676 3762 quam
689 3703 766 3745 vera
783 3693 815 3746 et
833 3683 979 3767 legitima
991 3684 1124 3765 spiritus
1140 3683 1274 3747 humani
1290 3683 1481 3748 humiliatio

332 3783 459 3848 Omnes
475 3785 561 3848 enim
574 3797 653 3850 ante
665 3807 734 3863 nos,
747 3788 803 3868 qui
816 3789 859 3851 ad
874 3797 960 3851 artes
973 3788 1185 3851 inveniendas
1197 3809 1232 3851 se
1244 3787 1482 3870 applicuerunt,

331 3887 489 3969 conjectis
510 3887 676 3973 paulisper
699 3892 730 3954 in
752 3911 802 3954 res
823 3902 858 3955 et
878 3891 1033 3974 exempla
1054 3902 1087 3954 et
1108 3893 1347 3972 experientiam
1369 3891 1481 3966 oculis,

330 3992 452 4064 statim,
469 3995 563 4075 quasi
579 3995 724 4058 inventio
740 3995 785 4058 nil
802 3996 891 4060 aliud
908 4008 992 4059 esset
1008 4017 1108 4078 quam
1130 3998 1294 4078 quaedam
1313 3997 1483 4076 excogita·

330 4095 386 4170 ti0,
401 4097 536 4179 spiritus
552 4100 703 4181 proprios
724 4109 760 4162 ut
781 4101 843 4163 sibi
864 4100 996 4164 oracula
1018 4099 1213 4163 exhiberent
1232 4100 1482 4182 quodammodo

331 4199 530 4265 invocarunt.
575 4202 647 4266 Nos
669 4223 747 4265 vero
770 4203 854 4267 inter
880 4225 931 4268 res
957 4215 1047 4268 caste
1069 4215 1102 4268 et
1126 4215 1284 4288 perpetuo
1307 4214 1482 4281 versantes,

331 4303 533 4368 intellectum
556 4306 686 4389 longius
708 4327 728 4369 a
753 4307 849 4370 rebus
867 4328 932 4371 non
953 4308 1176 4372 abstrahimus
1196 4329 1296 4390 quam
1317 4318 1353 4371 ut
1375 4328 1481 4372 rerum

330 4407 490 4490 imagines
513 4419 547 4472 et
570 4411 652 4474 radii
676 4407 725 4494 (ut
747 4410 779 4473 in
802 4431 899 4475 sensu
921 4409 971 4497 fit)
991 4413 1077 4476 coire
1098 4413 1245 4496 possint;
1269 4413 1356 4475 unde
1378 4412 1424 4489 fit,
1446 4423 1481 4476 ut

329 4509 450 4593 ingenii
465 4513 587 4577 viribus
603 4525 636 4578 et
652 4514 868 4578 excellentiae
883 4536 949 4579 non
965 4517 1106 4580 multum
1120 4515 1327 4599 relinquatur.
1365 4515 1482 4598 Atque
