3250 5138
385 373 449 456 578
755 373 911 433 novor!
926 371 1144 430 orrannum.

387 545 551 628 quaedam
574 537 792 626 artificiales);
814 549 849 605 et
870 538 1071 622 hujusmodi.
1116 535 1309 620 Quinetiam
1331 555 1418 618 quae
1439 533 1541 598 inter·

386 649 522 714 veniunt
544 647 576 710 in
600 654 717 710 natura
738 645 1020 717 condensationes,
1038 641 1145 706 factae
1162 660 1221 722 per
1237 639 1366 720 frigora,
1388 636 1543 701 similiter

388 760 463 836 sttnt
484 749 752 834 investigandae3
775 757 822 828 ut,
842 748 950 813 causis
970 766 1082 812 eorum
1103 745 1252 828 cognitis,
1271 742 1437 808 transferri
1461 763 1542 824 pos-

387 855 513 922 sintin
539 865 636 918 artes.
681 851 807 936 Quales
832 861 1010 917 cernuntur
1031 849 1064 914 in
1086 848 1287 914 exudatione
1309 846 1484 911 marmoris
1507 855 1542 908 et

387 959 535 1041 lapidum
545 955 592 1036 1’;
614 957 647 1020 in
658 956 878 1020 rorationibus
888 975 987 1038 super
996 954 1081 1019 vitra
1092 973 1152 1036 per
1162 951 1298 1016 interius
1308 951 1541 1022 fenestrarum,

387 1065 450 1129 sub
465 1081 627 1138 auroram,
642 1071 719 1144 post
739 1059 815 1144 gelu
833 1060 959 1136 noctis,
983 1058 1016 1122 in
1035 1057 1215 1141 originibus
1235 1065 1268 1120 et
1288 1053 1542 1119 collectionibus

388 1181 551 1246 vaporum
567 1159 601 1223 in
615 1179 721 1243 aquas
736 1161 799 1224 sub
812 1169 909 1237 terra,
921 1159 1008 1223 unde
1023 1177 1122 1242 saepe
1137 1156 1318 1222 scaturitmt
1329 1151 1486 1231 fontes¹³3
1507 1163 1542 1216 et

389 1285 605 1350 quaecunque
619 1273 696 1329 sunt
710 1263 808 1346 hujus
822 1263 961 1348 generis.

435 1369 652 1434 Inveniuntur
666 1377 788 1442 autern,
804 1377 934 1450 praeter
948 1364 1005 1430 illa
1019 1385 1104 1452 quae
1119 1373 1196 1428 sunt
1211 1362 1328 1446 frigida
1343 1363 1385 1427 ad
1402 1369 1541 1438 tactum,

392 1474 557 1557 quaedam
573 1470 638 1537 alia
652 1481 818 1556 potestate
828 1470 956 1554 frigida,
968 1489 1054 1554 quae
1065 1469 1164 1533 etiam
1177 1469 1398 1540 condensant;
1420 1485 1541 1530 verun-

390 1589 502 1643 tamen
518 1576 647 1658 operari
658 1577 811 1641 videntur
825 1595 924 1659 super
935 1593 1071 1658 corpora
1082 1571 1272 1636 animalium
1284 1581 1422 1648 tautum,
1434 1580 1469 1633 et
1480 1569 1540 1632 vix

390 1681 486 1746 ultra.
532 1680 641 1762 Hujus
656 1680 785 1762 generis
802 1699 839 1744 se
859 1679 1040 1743 ostendunt
1058 1675 1162 1740 multa
1181 1677 1213 1739 in
1232 1674 1401 1739 medicinis
1419 1684 1452 1737 et
1471 1693 1542 1736 em-

390 1785 535 1869 plastris.
579 1782 659 1847 Alia
674 1793 786 1848 autem
805 1785 1008 1848 condensant
1027 1801 1140 1848 carnes
1160 1788 1194 1844 et
1215 1789 1325 1863 partes
1343 1777 1540 1861 tangibiles;

391 1887 503 1972 qualia
514 1896 592 1952 sunt
604 1887 845 1952 medicamenta
856 1886 1080 1969 astringentia,
1090 1894 1190 1966 atque
1199 1883 1298 1948 etiam
1312 1882 1520 1964 inspissantia
1533 1907 1540 1945 ε

391 1991 456 2056 alia
478 1992 681 2056 condensant
704 1991 859 2074 spiritus3
882 1991 916 2055 id
941 1989 1032 2072 quod
1054 1989 1201 2052 maxime
1224 1987 1364 2052 cernitur
1385 1986 1418 2048 in
1442 2006 1542 2068 sopo-

392 2094 495 2159 riferis
504 2093 543 2156 ¹⁴.
590 2093 727 2176 Duplex
743 2104 856 2159 autem
872 2103 923 2159 est
942 2094 1060 2158 modus
1075 2091 1341 2158 condensationis
1355 2089 1540 2175 spirituum,

392 2220 452 2281 per
467 2199 708 2263 medicamenta
731 2199 919 2282 soporifera,
941 2198 1010 2262 sive
1032 2194 1244 2278 provocantia
1265 2213 1435 2258 somnum:
1456 2193 1542 2256 alter

392 2323 451 2388 per
473 2303 678 2367 sedationem
702 2313 833 2380 motus;
854 2301 939 2367 alter
960 2321 1019 2384 per
1040 2301 1153 2382 fugam
1176 2298 1360 2381 spirituum.
1406 2297 1540 2360 Etenim

392 2406 488 2484 viola,
504 2426 578 2470 rosa
594 2407 688 2478 sicca,
706 2405 842 2484 lactuca,
858 2414 891 2469 et
905 2403 1095 2486 hujusmodi
1110 2402 1284 2467 benedicta
1303 2403 1371 2465 sive
1386 2402 1540 2483 benigna,

392 2531 452 2595 per
477 2531 615 2593 vapores
639 2529 718 2574 suos
745 2510 869 2575 amicos
892 2519 926 2574 et
949 2509 1119 2573 moderate
1141 2507 1377 2590 refrigerantes,
1400 2505 1541 2569 invitant

392 2614 524 2696 spiritus
547 2623 583 2677 ut
604 2634 640 2677 se
661 2613 784 2691 uniant,
800 2624 834 2677 et
855 2614 1000 2695 ipsorum
1019 2631 1127 2676 acrem
1151 2620 1184 2675 et
1208 2611 1387 2694 inquietum
1412 2619 1539 2674 motum

392 2725 617 2799 compescunt.
681 2717 794 2783 Etiam
828 2737 914 2799 aqua
947 2736 1088 2791 rosacea,
1123 2715 1275 2797 apposita
1308 2715 1350 2777 ad
1382 2733 1476 2777 nares
1508 2715 1540 2775 in

393 2821 545 2902 deliquiis
572 2822 712 2898 animae,
739 2821 873 2905 spiritus
900 2819 1062 2884 resolutos
1088 2828 1123 2884 et
1149 2817 1286 2881 nimium
1313 2815 1479 2881 relaxatos
1506 2839 1540 2880 se

393 2925 536 3008 recipere
561 2924 648 2996 facit,
674 2935 707 2989 et
729 2935 888 3008 tanquam
910 2923 979 2988 alit.
1023 2922 1075 2986 At
1099 2922 1210 3005 opiata
1234 2931 1269 2986 et
1294 2941 1408 2986 eorum
1432 2920 1540 2984 affinia

393 3028 526 3110 spiritus
552 3028 652 3111 plane
677 3027 803 3110 fugant,
830 3050 873 3092 ex
899 3026 1060 3110 qualitate
1084 3047 1144 3090 sua
1170 3025 1313 3109 maligna
1340 3035 1374 3089 et
1401 3025 1539 3090 inimica.

394 3130 513 3214 Itaque
528 3131 555 3194 si
572 3131 780 3215 applicentur
795 3132 879 3215 parti
901 3130 1068 3205 exteriori,
1087 3130 1200 3194 statim
1218 3130 1391 3213 aufugiunt
1409 3131 1540 3213 spiritus

393 3234 436 3297 ab
467 3233 522 3297 illa
549 3245 652 3316 parte,
680 3255 740 3300 nec
766 3235 908 3319 amplius
934 3235 1074 3299 libenter
1099 3234 1258 3298 influunt:
1292 3234 1344 3297 sin
1370 3245 1539 3297 sumantur

393 3338 537 3415 interius,
567 3359 706 3420 vapores
736 3359 860 3416 eorum,
889 3340 1103 3408 ascendentes
1132 3338 1174 3402 ad
1204 3348 1313 3421 caput,
1343 3337 1475 3421 spiritus
1506 3338 1538 3400 in

429 3521 451 3555 ¹²
468 3524 538 3578 This
551 3525 608 3578 and
620 3524 668 3580 the
681 3536 746 3580 next
755 3527 951 3595 phenomenon
961 3527 1031 3581 both
1040 3526 1088 3581 fall
1097 3527 1187 3580 under
1196 3527 1243 3580 the
1252 3526 1365 3596 general
1374 3525 1448 3580 head
1456 3525 1485 3579 of
1492 3526 1538 3578 the

395 3611 561 3683 Deposition
574 3611 607 3666 of
617 3613 695 3666 Dew.
723 3613 780 3666 For
792 3613 948 3668 references
961 3631 996 3668 on
1010 3613 1066 3669 this
1080 3611 1196 3683 subject,
1210 3629 1257 3668 see
1270 3623 1350 3668 notes
1362 3629 1399 3668 on
1411 3613 1483 3683 Aph.
1497 3627 1538 3678 47.

395 3697 446 3766 Cp.
459 3695 519 3749 also
532 3694 618 3763 Sylva
630 3696 786 3765 Sylvarum,
800 3697 870 3767 Exp.
884 3697 926 3751 81.

430 3776 450 3808 ¹³
469 3777 589 3833 Bacon's
602 3779 735 3848 meaning
747 3778 800 3832 will
814 3781 848 3834 be
861 3780 944 3833 made
958 3777 1032 3848 plain
1046 3779 1084 3848 by
1093 3780 1140 3834 the
1153 3778 1292 3849 following
1300 3779 1465 3834 marvellous
1478 3796 1538 3848 pas-

394 3878 460 3930 sage
473 3860 502 3914 in
515 3861 563 3916 the
577 3861 703 3916 Historia
715 3861 804 3918 Densi
813 3873 840 3917 et
852 3862 920 3917 Rari
932 3862 976 3930 (E.
986 3862 1042 3916 and
1053 3863 1092 3928 S.,
1102 3862 1157 3916 vol.
1168 3861 1195 3916 ii.
1205 3879 1232 3932 p.
1241 3862 1304 3930 293)
1316 3879 1324 3916 τ
1344 3861 1539 3917 ‘Existimatur

394 3943 472 4013 origo
483 3943 602 3998 fontium
613 3954 641 3999 et
654 3960 790 4015 aquarum
804 3945 934 4013 dulcium,
948 3962 1019 4016 quae
1033 3963 1068 4000 ex
1084 3955 1159 4000 terra
1176 3944 1338 4013 scaturiunt,
1356 3945 1414 4000 fieri
1428 3963 1462 4000 ex
1476 3965 1538 4002 aere

394 4027 526 4082 concluso
539 4026 567 4080 in
585 4027 662 4082 cavis
679 4037 768 4084 terrae
788 4028 961 4098 (praesertim
978 4027 1128 4096 montium)
1145 4029 1291 4097 coagulato
1309 4037 1337 4082 et
1356 4028 1537 4084 condensato.¹

395 4111 447 4179 Cp.
459 4107 544 4164 Arist.
559 4111 785 4179 Meteorologica,
797 4111 813 4165 i.
826 4126 857 4179 13
870 4111 908 4181 (p.
917 4125 970 4179 349
979 4113 1005 4165 b.
1019 4125 1059 4180 19,
1069 4109 1132 4179 dac.)
1144 4129 1150 4178 ;
1172 4113 1289 4178 Seneca,
1299 4113 1367 4166 Nat.
1379 4111 1490 4181 Quaest.
1502 4113 1537 4166 iii.

394 4207 419 4262 9,
437 4207 475 4246 10.
513 4193 639 4247 Granted
651 4193 699 4248 the
712 4194 838 4249 doctrine
851 4195 882 4249 of
895 4195 942 4248 the
959 4194 1197 4265 transmutability
1210 4195 1241 4249 of
1253 4196 1300 4250 the
1317 4195 1465 4262 elements;
1483 4195 1537 4250 this

393 4275 498 4330 absurd
510 4275 608 4344 theory
621 4293 712 4330 seems
725 4277 834 4331 natural
846 4277 966 4346 enough.

430 4355 451 4388 ¹⁴
470 4359 531 4412 The
544 4359 644 4412 reader
655 4359 709 4412 will
722 4359 780 4413 find
794 4376 871 4414 some
884 4377 951 4428 very
963 4359 1073 4414 curious
1085 4360 1212 4415 remarks
1225 4377 1262 4416 on
1279 4361 1358 4418 these
1374 4359 1493 4431 subjects
1511 4360 1537 4414 in

394 4437 442 4495 the
455 4440 582 4496 Historia
595 4441 677 4497 Vitae
690 4452 717 4496 et
730 4442 840 4510 Mortis,
855 4443 888 4497 E.
902 4443 958 4498 and
971 4445 1008 4510 S.,
1022 4443 1075 4498 vol.
1089 4441 1116 4498 ii.
1129 4459 1177 4515 pp.
1193 4444 1303 4511 161-71.
