3344 5152
705 407 784 462 ΜΒ.
807 408 830 462 l.
856 398 908 462 60.
1322 416 1383 485 237

236 583 432 644 commenta,
464 593 550 654 quae
579 593 599 634 a
628 572 723 634 vanis
753 583 786 636 et
816 571 905 636 salsis
938 572 1072 636 theoriis
1106 582 1215 637 ortum
1249 572 1383 638 habent.

236 674 351 758 Atque
373 677 435 740 hoc
457 696 560 758 genus
582 675 740 739 idolorum
755 675 880 739 facilius
901 676 1039 758 ejicitur,
1055 677 1132 760 quia
1153 699 1211 760 per
1233 688 1384 742 constan-

235 791 303 843 tem
326 780 579 863 abnegationem
602 791 635 843 et
658 781 917 862 antiquationem
944 780 1145 846 theoriarum
1170 783 1381 846 exterminari

235 894 382 966 possunt.

278 988 328 1052 At
344 988 481 1052 alterum
502 1008 605 1071 genus
625 987 820 1072 perplexum
837 998 897 1062 est,
912 999 945 1052 et
965 987 1032 1052 alte
1053 988 1210 1063 haerens;
1234 991 1323 1070 quod
1340 1011 1383 1053 ex

235 1093 322 1154 mala
353 1103 387 1155 et
416 1092 568 1175 imperita
598 1092 820 1157 abstractione
849 1093 1023 1157 excitatur.
1080 1092 1237 1178 Exempli
1268 1096 1383 1176 gratia,

234 1195 413 1279 accipiatur
434 1195 568 1278 aliquod
592 1197 728 1259 verbum
752 1193 945 1282 (humilium,
961 1199 987 1260 si
1011 1195 1142 1282 placet),
1158 1207 1191 1261 et
1213 1199 1383 1262 videamus

234 1301 403 1380 quomodo
419 1300 480 1364 sibi
498 1311 649 1365 constent
664 1321 750 1382 quae
766 1322 824 1385 per
843 1301 906 1364 hoc
921 1302 1058 1364 verbum
1080 1300 1324 1382 significantur:
1349 1312 1383 1366 et

234 1405 416 1468 invenietur
444 1405 581 1469 verbum
612 1405 708 1482 istud,
735 1404 917 1480 humidum,
943 1405 1020 1467 nihil
1053 1403 1142 1468 aliud
1172 1425 1273 1486 quam
1305 1416 1383 1470 nota

234 1507 369 1572 confusa
396 1511 599 1572 diversarum
622 1510 799 1583 actionum,
823 1529 909 1591 quae
934 1509 1057 1572 nullam
1082 1509 1300 1573 constantiam
1325 1520 1382 1573 aut

234 1613 458 1676 reductionem
479 1614 659 1696 patiuntur.
705 1611 875 1695 Significat
900 1612 986 1675 enim
1012 1623 1044 1676 et
1070 1606 1159 1694 quod
1185 1614 1269 1676 circa
1292 1613 1382 1677 aliud

233 1736 350 1799 corpus
365 1715 460 1780 facile
475 1737 510 1779 se
525 1716 775 1793 circumfundit3
799 1726 833 1781 et
854 1717 945 1797 quod
966 1718 998 1779 in
1022 1738 1058 1780 se
1080 1727 1129 1780 est
1152 1717 1383 1781 indetermina-

233 1820 310 1898 bile,
335 1840 396 1884 nec
426 1821 604 1885 consistere
631 1830 761 1903 potest;
796 1831 829 1884 et
856 1821 945 1901 quod
972 1820 1068 1885 facile
1098 1821 1185 1884 cedit
1217 1822 1381 1903 undique;

233 1933 267 1987 et
283 1926 372 2006 quod
388 1924 483 1988 facile
500 1945 535 1987 se
554 1925 671 1988 dividit
686 1933 719 1988 et
735 1925 895 2008 dispergit
909 1948 916 2000 3
940 1934 972 1988 et
994 1925 1082 2006 quod
1100 1923 1195 1989 sacile
1210 1947 1245 1989 se
1261 1927 1333 1989 unit
1348 1937 1382 1989 et

233 2027 377 2111 colligit;
412 2037 445 2092 et
471 2030 561 2110 quod
585 2028 680 2093 facile
704 2028 776 2093 fluit
802 2039 835 2092 et
862 2028 895 2091 in
922 2037 1014 2092 motu
1041 2029 1195 2112 ponitur3
1230 2040 1264 2094 et
1289 2031 1380 2112 quod

232 2133 326 2198 alteri
345 2134 472 2217 corpori
489 2135 583 2197 facile
603 2134 771 2209 adhaeret,
788 2134 887 2215 idque
909 2132 1105 2211 madefacit;
1128 2143 1160 2196 et
1181 2137 1271 2217 quod
1288 2136 1382 2199 facile

233 2237 399 2302 reducitur
419 2239 452 2300 in
471 2237 640 2320 liquidum,
656 2238 725 2302 sive
744 2237 950 2320 colliquatur,
965 2257 1039 2301 cum
1060 2246 1158 2301 antea
1178 2239 1379 2302 consisteret.

234 2341 352 2424 Itaque
382 2361 485 2423 quum
515 2344 558 2405 ad
587 2341 686 2423 hujus
713 2341 854 2405 nominis
880 2341 1160 2424 praedicationem
1186 2352 1220 2404 et
1246 2343 1381 2427 imposi-

232 2447 357 2510 tionem
380 2455 515 2509 ventum
539 2445 601 2510 sit:
633 2447 659 2510 si
682 2445 746 2509 alia
769 2445 918 2528 accipias,
939 2445 1072 2510 flamma
1095 2445 1231 2510 humida
1254 2457 1323 2523 est;
1354 2448 1380 2509 si

232 2549 296 2613 alia
323 2551 471 2633 accipias,
494 2570 549 2614 aer
574 2549 731 2615 humidus
758 2571 823 2614 non
851 2561 921 2626 est;
955 2550 981 2612 si
1007 2550 1080 2625 alia,
1099 2549 1208 2633 pulvis
1235 2551 1381 2616 minutus

231 2655 386 2718 humidus
404 2664 473 2730 est;
497 2655 523 2718 si
543 2652 615 2733 alia,
630 2655 752 2719 vitrum
774 2654 946 2718 humidum
967 2664 1034 2718 est:
1058 2664 1094 2718 ut
1110 2654 1202 2718 iacile
1223 2666 1381 2738 appareat

232 2757 329 2822 istam
346 2760 514 2822 notionem
531 2780 574 2823 ex
590 2779 675 2841 aqua
691 2769 830 2832 tantum,
847 2769 881 2823 et
896 2759 1125 2822 communibus
1142 2769 1175 2822 et
1190 2757 1380 2841 vulgaribus

232 2860 422 2945 liquoribus,
440 2865 566 2945 absque
583 2862 649 2927 ulla
664 2864 777 2927 debita
791 2863 1021 2938 verificatione,
1038 2873 1163 2926 temere
1178 2864 1378 2928 abstractam

232 2987 312 3030 esse.

277 3071 316 3134 ln
339 3071 446 3135 verbis
468 3081 580 3135 autem
603 3073 725 3155 gradus
748 3082 823 3136 sunt
847 3072 982 3154 quidam
1007 3071 1176 3154 pravitatis
1199 3081 1231 3136 et
1254 3073 1380 3136 erroris.

233 3173 345 3239 Minus
360 3176 513 3239 vitiosum
529 3196 632 3259 genus
649 3187 697 3239 est
713 3178 882 3240 nominum
903 3177 1106 3240 substantiae
1126 3176 1272 3257 alicujus,
1289 3198 1380 3260 prae·

231 3280 344 3342 sertim
368 3281 550 3362 specierum
574 3279 759 3343 infimarum
779 3291 812 3344 et
832 3282 917 3344 bene
939 3281 1156 3344 deductarum
1175 3279 1265 3365 (nam
1289 3283 1380 3346 notio
1433 3297 1434 3300 ’

231 3395 347 3462 cretae,
363 3386 432 3461 luti,
448 3385 556 3460 bona;
579 3395 695 3458 terrae,
712 3382 831 3469 mala):
855 3385 1003 3448 vitiosius
1018 3405 1122 3467 genus
1137 3396 1186 3449 est
1203 3386 1379 3461 actionum,

232 3501 268 3554 ut
284 3511 453 3571 generare,
472 3501 674 3572 corrumpere
684 3489 706 3566 ⁹,
722 3491 885 3554 alterare:
912 3491 1158 3555 vitiosissimum
1181 3489 1379 3572 qualitatum

231 3591 394 3678 (exceptis
417 3593 555 3675 objectis
578 3615 692 3658 sensus
716 3591 939 3678 immediatis),
960 3606 997 3659 ut
1013 3597 1141 3678 gravr's,
1163 3593 1251 3671 levis,
1268 3595 1380 3673 tenuis,

230 3698 330 3777 densi,
350 3698 408 3762 &e
449 3697 495 3761 Et
517 3707 630 3762 tamen
652 3699 684 3760 in
708 3699 862 3762 omnibus
885 3699 955 3762 istis
978 3699 1047 3762 fieri
1069 3719 1134 3762 non
1162 3709 1281 3782 potest,
1301 3701 1380 3778 quin

230 3803 296 3865 sint
326 3802 409 3865 aliae
441 3801 592 3866 notiones
622 3801 695 3865 aliis
729 3802 828 3886 paulo
863 3803 1024 3878 meliores,
1055 3815 1154 3887 prout
1185 3804 1217 3865 in
1247 3825 1378 3868 sensum

230 3905 412 3969 humanum
436 3905 549 3970 incidit
572 3927 677 3969 rerum
702 3903 838 3989 copiam.

266 4095 277 4126 ⁹
298 4096 331 4149 In
346 4095 508 4149 Herschel's
522 4093 675 4150 Discourse
691 4112 728 4149 on
747 4095 795 4150 the
813 4097 902 4165 Study
915 4096 947 4150 of
962 4097 1079 4151 Natural
1096 4095 1275 4166 Philosophy,
1290 4094 1303 4166 ξ
1321 4112 1379 4163 101,

231 4188 304 4245 note,
315 4178 362 4233 the
375 4178 487 4232 student
497 4177 551 4232 will
563 4179 619 4232 find
633 4196 650 4233 a
662 4179 772 4233 curious
786 4182 911 4249 example
924 4180 955 4233 ol
964 4181 1011 4234 the
1024 4179 1093 4233 kind
1106 4180 1136 4232 ol
1145 4180 1241 4233 verbal
1250 4179 1380 4249 jugglery

230 4261 321 4316 which
335 4261 382 4316 the
401 4260 511 4316 ancient
529 4279 674 4316 reasouers
688 4280 759 4317 were
777 4264 896 4318 enabled
909 4273 938 4317 to
958 4280 1036 4332 carry
1049 4280 1086 4317 on
1100 4263 1138 4331 by
1151 4263 1199 4317 the
1216 4280 1305 4332 vague
1322 4264 1380 4317 and

231 4343 346 4438 shiiting
364 4361 414 4400 use
433 4345 465 4399 ol
485 4345 554 4400 such
573 4347 664 4400 words
684 4363 715 4400 as
738 4345 910 4416 generation,
929 4346 1098 4416 cormption,
1117 4345 1230 4413 motion,
1249 4348 1306 4401 and
1331 4347 1379 4402 the

241 4445 248 4480 1
286 4469 293 4482 .

230 4428 287 4541 lqu
305 4512 380 4566 That
396 4509 429 4577 is,
442 4512 594 4583 according
606 4522 635 4569 to
648 4513 695 4568 the
708 4522 802 4568 extent
815 4513 847 4567 oi
856 4529 907 4568 our
918 4509 1081 4583 experience
1093 4513 1125 4567 oi
1134 4513 1183 4568 the
1194 4512 1308 4583 objects.
