3292 5138
667 422 747 478 trs.
768 421 811 478 Π.
837 413 890 492 48.
1290 415 1353 497 567

204 592 321 664 regunt
345 591 379 647 et
405 593 562 666 reguntur
587 581 734 658 invicem,
765 603 826 666 pro
857 581 1039 646 rationibus
1071 581 1199 666 vigoris,
1230 584 1354 664 quanti,

204 685 412 760 incitationis,
442 687 674 768 ejaculationis,
703 706 830 751 necnon
861 695 933 750 tum
960 685 1160 751 auxiliorum
1191 695 1262 750 tum
1293 687 1353 750 irn-

203 790 469 871 pedimentorum
485 813 571 874 quae
585 801 770 857 occurrunt.

249 892 408 978 Exempli
440 881 566 978 gratia:
609 915 745 977 magnes
777 903 923 960 armatus
959 893 1134 960 nonnullus
1163 895 1292 959 detinet
1321 905 1354 960 et

204 999 375 1080 suspendit
398 998 529 1077 serrum,
551 999 594 1063 ad
616 998 875 1082 sexagecuplum
896 1000 1027 1082 pondus
1049 999 1170 1083 ipsius;
1193 1019 1355 1082 eousque

204 1101 394 1164 dominatur
403 1112 514 1166 motus
524 1105 780 1184 congregationes
792 1102 930 1166 minoris
938 1123 1036 1186 super
1046 1113 1357 1186 motumcongrega'·

205 1205 303 1268 teiem's
319 1206 477 1288 majores·
502 1207 592 1287 quod
604 1207 631 1270 si
643 1205 748 1288 majus
761 1205 857 1270 luerit
868 1207 1006 1289 pondus,
1019 1207 1212 1272 succumbit.
1241 1208 1356 1286 Vectis

205 1309 289 1372 tanti
305 1310 432 1374 roboris
452 1311 639 1376 sublevabit
659 1320 788 1375 tantum
809 1311 960 1393 pondus;
983 1330 1024 1373 eo
1045 1330 1148 1393 usque
1167 1311 1355 1376 dominatur

207 1423 316 1478 motus
347 1413 510 1478 libertatis
535 1435 633 1498 super
660 1425 788 1478 motum
818 1415 1075 1496 congregationis
1104 1414 1241 1497 majoris
1251 1437 1266 1489 ,·
1306 1415 1356 1478 sin

206 1517 313 1598 majus
329 1518 424 1582 luerit
440 1520 579 1602 pondus,
594 1519 790 1584 succumbit.
831 1517 967 1582 Corium
983 1527 1114 1582 tensum
1129 1521 1172 1583 ad
1189 1527 1356 1582 teneuram

205 1622 307 1684 talem
338 1640 405 1685 non
435 1623 619 1706 rumpitur3
656 1643 696 1686 eo
726 1641 831 1704 usque
861 1621 1049 1684 dominatur
1077 1629 1186 1686 motus
1211 1624 1356 1685 continu-

206 1726 326 1789 ationis
341 1746 438 1807 super
454 1736 583 1791 motum
599 1736 771 1798 tensurae,·
795 1725 926 1807 quodsi
949 1724 1083 1788 ulterior
1102 1726 1198 1789 suerit
1214 1735 1357 1803 tensum,

207 1831 369 1911 rumpitur
392 1830 528 1904 corium,
552 1839 586 1894 et
608 1829 791 1894 succumbit
815 1838 926 1892 motus
947 1827 1209 1893 continuatrbm's.
1254 1827 1357 1912 Aqua

207 1953 265 2016 per
276 1933 393 1996 rimam
405 1932 633 2017 perforationis
645 1933 720 1997 talis
732 1931 833 1997 effluit
845 1957 853 2008 ;
875 1952 916 1995 eo
928 1951 1033 2012 usque
1045 1931 1234 1996 dominatur
1246 1943 1357 1996 motus

206 2039 463 2120 congregationes
485 2037 621 2120 majoris
642 2056 740 2120 super
763 2045 891 2100 motum
913 2035 1190 2107 continuationis,·
1217 2037 1308 2117 quod
1330 2037 1357 2098 si

209 2141 315 2204 minor
338 2140 436 2205 suerit
457 2141 549 2218 rima,
572 2139 765 2214 succumbit,
787 2148 822 2203 et
843 2125 943 2203 vincit
967 2149 1076 2202 motus
1097 2140 1357 2203 continuationes.

208 2243 248 2306 In
263 2244 396 2327 pulvere
411 2244 576 2328 sulphuris
587 2243 687 2308 solius
700 2243 837 2307 immissi
847 2241 874 2282 ⁷⁶
891 2243 923 2305 in
939 2240 1124 2323 sclopetum
1140 2262 1216 2305 cum
1232 2243 1308 2326 pila,
1325 2253 1357 2306 et

207 2349 345 2412 admoto
369 2350 453 2432 igne,
469 2369 534 2412 non
557 2349 718 2412 emittitur
740 2347 809 2430 pila
821 2368 829 2425 3
852 2346 885 2408 in
907 2366 947 2409 eo
972 2356 1082 2409 motus
1103 2349 1359 2428 congregationes

208 2452 346 2534 majoris
367 2453 467 2517 vincit
492 2461 620 2515 motum
646 2451 742 2532 hyles.
786 2449 836 2514 At
863 2451 897 2513 in
924 2449 1059 2533 pulvere
1085 2449 1180 2532 pyrio
1209 2449 1357 2514 immisso

207 2556 306 2620 vincit
344 2565 454 2620 motus
490 2554 578 2638 hyles
609 2557 642 2618 in
671 2554 835 2638 sulphure,
868 2553 1001 2634 adjutus
1035 2553 1180 2616 motibus
1209 2552 1296 2634 hyles
1324 2564 1357 2616 et

199 2661 307 2742 fugae
325 2661 357 2722 in
377 2661 473 2724 nitro.
519 2660 565 2724 Et
585 2659 630 2724 sic
650 2660 693 2722 de
712 2659 857 2724 caeteris.
903 2657 1038 2722 Etenim
1060 2658 1237 2720 instantiae
1254 2656 1359 2720 luctae

208 2761 307 2848 (quae
330 2763 474 2827 indicant
488 2763 811 2845 praeeminentiam
831 2763 999 2837 virtutum,
1021 2771 1054 2824 et
1077 2760 1257 2824 secundum
1276 2781 1358 2843 quas

208 2868 350 2932 rationes
372 2877 405 2932 et
428 2866 572 2931 calculos
594 2868 885 2951 praedominentur
910 2874 944 2928 et
970 2861 1201 2948 succumbant)
1227 2865 1294 2928 acri
1324 2875 1357 2928 et

207 2971 324 3034 sedula
338 2971 509 3053 diligentia
526 2973 668 3054 undique
683 2981 758 3034 sunt
775 2969 1024 3051 conquirendae.

253 3075 368 3138 Etiam
385 3077 475 3139 modi
493 3085 526 3139 et
543 3077 685 3139 rationes
705 3076 806 3159 ipsius
825 3071 1093 3137 succumbentiae
1115 3079 1265 3136 motuum
1285 3069 1359 3136 dili·

208 3189 325 3262 genter
341 3188 420 3243 sunt
439 3179 724 3262 introspiciendae.
769 3175 909 3260 Nempe,
932 3196 975 3239 an
998 3176 1133 3240 omnino
1155 3184 1291 3252 cessent,
1306 3176 1359 3240 vel

208 3284 319 3367 potius
346 3303 449 3365 usque
475 3285 629 3362 nitantur,
655 3284 712 3346 sed
739 3282 891 3365 ligentur.
945 3279 1079 3342 Etenim
1106 3280 1140 3341 in
1167 3281 1360 3362 corporibus

208 3387 264 3450 hic
293 3388 383 3468 apud
413 3407 482 3464 nos,
509 3387 599 3450 nulla
624 3408 700 3450 vera
726 3397 777 3450 est
804 3386 905 3467 quies,
930 3403 990 3447 nec
1017 3384 1049 3445 in
1077 3382 1212 3464 integris
1240 3402 1300 3447 nec
1326 3385 1358 3445 in

211 3492 381 3574 partibus3
403 3492 461 3554 sed
478 3499 609 3555 tantum
625 3491 805 3554 secundum
821 3490 1051 3572 apparentiam
1061 3485 1097 3550 Π.
1129 3486 1232 3568 Quies
1248 3495 1360 3550 autem

244 3697 267 3728 ⁷⁶
287 3699 342 3753 Mr.
355 3696 426 3752 Ellis
438 3713 573 3768 proposes
587 3705 616 3751 to
628 3694 695 3752 read
709 3693 867 3749 ‘immisso'

244 3779 267 3812 ⁷⁷
288 3784 342 3837 See
354 3792 420 3836 note
432 3782 466 3835 68
480 3781 577 3835 above.
625 3780 687 3834 The
700 3777 762 3832 ‘hic
778 3778 854 3849 apud
871 3777 937 3830 nos’
950 3775 974 3830 is
991 3775 1118 3846 opposed
1135 3784 1163 3829 to
1180 3774 1228 3828 the
1246 3774 1361 3830 interior

210 3875 287 3938 parts
299 3865 331 3919 of
339 3865 386 3920 the
399 3864 488 3918 earth.
524 3864 586 3918 The
599 3862 774 3932 equilibrium
788 3862 818 3916 of
828 3859 917 3915 entire
930 3859 1037 3926 bodies,
1050 3859 1085 3912 be
1099 3874 1245 3927 supposes,
1260 3857 1283 3912 is
1296 3859 1361 3927 only

210 3959 355 4020 apparent,
369 3947 459 4016 while,
473 3955 605 4014 amongst
616 3947 663 4000 the
676 3944 781 3998 minute
794 3943 924 4014 particles
937 3942 968 3997 ol
978 3941 1084 4008 bodies,
1097 3940 1175 3996 there
1186 3939 1211 3994 is
1223 3958 1241 3994 a
1254 3941 1360 3996 motion

210 4032 367 4100 constantly
379 4029 465 4100 going
477 4047 576 4095 on,—a
589 4029 694 4082 ‘latens
707 4027 872 4098 processus,'
885 4043 902 4080 a
915 4024 997 4080 ‘latio
1010 4041 1060 4095 por
1071 4023 1204 4078 minima!

246 4115 316 4170 This
335 4115 407 4182 idea,
427 4115 438 4169 1
457 4112 531 4168 need
547 4111 647 4180 hardly
663 4127 722 4180 say,
740 4110 763 4164 is
780 4111 808 4164 in
825 4109 997 4164 accordance
1014 4107 1080 4162 with
1099 4107 1147 4161 tbe
1164 4106 1247 4161 views
1268 4105 1299 4159 oi
1314 4107 1361 4160 the

211 4209 285 4255 most
298 4209 391 4254 recent
404 4195 565 4268 physicists,
578 4194 641 4249 who
653 4195 753 4263 regard
766 4193 813 4249 the
826 4193 932 4247 minute
944 4191 1094 4246 molecules
1111 4190 1144 4244 os
1152 4190 1243 4244 which
1260 4199 1362 4244 matter

212 4289 235 4342 is
253 4304 286 4342 or
303 4303 369 4355 may
385 4287 420 4340 be
439 4281 581 4353 supposed
600 4293 629 4336 to
646 4281 682 4336 be
700 4281 854 4352 composed
870 4297 901 4336 as
917 4279 1003 4348 being
1018 4279 1046 4334 in
1063 4295 1081 4333 a
1097 4286 1226 4334 constant
1244 4285 1317 4332 state
1334 4277 1364 4331 ol

211 4375 327 4430 motion.
357 4375 419 4439 See,
430 4372 474 4426 lor
484 4371 618 4436 instance,
628 4370 773 4439 Tyndall's
784 4371 887 4424 Heata
898 4369 986 4422 Mode
995 4368 1027 4422 ol
1038 4367 1156 4434 Motion,
1166 4366 1217 4436 3rd
1225 4366 1279 4432 ed,
1290 4365 1334 4418 cb.
1344 4379 1360 4433 3

212 4458 279 4514 with
303 4458 351 4512 the
369 4455 529 4526 Appendix.
579 4455 621 4509 M.
641 4453 759 4508 Bouillet
783 4453 877 4522 points
901 4463 949 4507 out
971 4452 1020 4506 the
1039 4451 1217 4530 coincidence
1236 4449 1361 4504 between

213 4541 332 4600 Baton's
345 4538 459 4614 opinion
472 4538 528 4596 and
541 4537 602 4593 that
616 4537 648 4592 ol
662 4535 795 4603 Leibnitz,
808 4553 839 4592 as
856 4536 962 4604 shewn,
975 4543 1104 4604 amongst
1120 4534 1200 4588 other
1216 4533 1319 4604 placeS,
1333 4531 1361 4588 in
