3250 5138
362 389 426 460 572
742 385 898 440 NOVUM
919 383 1136 440 ORGANUM.

363 551 510 626 lecimus,
521 549 674 634 ponendo
682 570 749 629 vas,
759 570 886 616 necnon
896 549 1006 633 aliqua
1015 549 1079 615 alia
1089 569 1237 634 corpora,
1248 549 1332 614 intra
1341 557 1518 633 argentum

362 657 484 730 vivum,
494 657 585 737 quod
598 655 748 718 omnium
760 653 859 738 longe
871 655 1101 719 densissimum
1113 665 1163 718 est
1175 675 1219 717 ex
1231 655 1269 717 iis
1280 674 1365 736 quae
1376 655 1518 718 circum-

364 759 455 823 sundi
479 769 624 842 possunt.
679 757 872 841 Quinetiam
899 779 1016 841 specus
1046 769 1079 822 et
1102 777 1260 823 cavernae
1286 759 1519 821 subterraneae

365 863 476 946 magni
487 883 565 926 usus
576 873 654 926 sunt
666 863 708 926 ad
722 861 964 946 prohibendum
977 859 1239 926 insolationem⁹⁴
1250 871 1283 926 et
1293 869 1403 926 ae'rem
1415 861 1517 924 istum

364 978 515 1049 apertum
532 967 799 1050 praedatorium3
823 967 976 1049 qualibus
992 976 1127 1030 utuntur
1140 965 1296 1030 Germani
1309 965 1519 1049 Septentrio·

364 1071 454 1135 nales
467 1092 526 1154 pro
537 1072 706 1152 granariis.
740 1071 878 1134 Necnon
892 1070 1048 1154 repositio
1060 1090 1236 1153 corporum
1253 1071 1285 1132 in
1297 1069 1400 1132 fundo
1412 1089 1517 1150 aqua·

364 1195 437 1238 rum
449 1177 492 1238 ad
504 1175 568 1238 hoc
579 1185 727 1257 spectat:
744 1185 780 1238 ut
792 1175 927 1238 memini
941 1195 994 1238 me
1004 1175 1175 1256 quippiam
1189 1174 1319 1237 audisse
1331 1174 1374 1236 de
1386 1174 1518 1236 utribus

363 1279 430 1342 vini
442 1277 594 1342 demissis
611 1280 643 1340 in
656 1277 855 1361 profundum
866 1289 1014 1360 puteum,
1026 1279 1068 1342 ad
1085 1277 1364 1360 infrigidationem
1379 1277 1517 1352 scilicet,

364 1383 422 1446 sed
439 1401 516 1446 casu
533 1393 566 1445 et
582 1403 640 1464 per
654 1382 841 1464 neglectum
858 1402 896 1445 ac
910 1383 1110 1446 oblivionem
1133 1383 1254 1445 ibidem
1271 1382 1517 1445 remanentibus

363 1505 424 1568 per
439 1485 562 1550 multos
576 1506 689 1562 annos,
705 1495 739 1550 et
759 1487 878 1550 deinde
895 1486 1071 1564 extractis;
1095 1487 1182 1549 unde
1196 1486 1309 1548 vinum
1325 1485 1447 1549 iactum
1464 1495 1515 1548 est

365 1609 431 1652 non
444 1590 550 1652 solum
563 1611 629 1653 non
641 1591 799 1672 vapidum
816 1601 873 1653 aut
887 1599 1083 1663 emortuum,
1094 1590 1152 1653 sed
1166 1588 1272 1654 multo
1285 1590 1391 1672 magis
1404 1589 1517 1652 nobile

364 1695 407 1756 ad
432 1705 575 1775 gustum,
601 1714 661 1776 per
680 1695 956 1758 commixtionem
978 1695 1122 1776 partium
1146 1714 1277 1758 suarum
1302 1693 1352 1776 (ut
1370 1693 1517 1773 videtur)

365 1797 472 1879 nragis
484 1797 697 1880 exquisitam.
728 1796 829 1880 Quod
843 1799 869 1860 si
882 1797 1027 1880 postulet
1038 1819 1090 1862 res
1102 1807 1139 1862 ut
1150 1817 1286 1880 corpora
1297 1797 1518 1861 demittantur

364 1903 407 1964 ad
423 1900 745 1983 lundumaquarum,
757 1900 859 1965 veluti
872 1902 956 1964 intra
972 1901 1089 1967 fluvios
1103 1909 1160 1964 aut
1176 1921 1273 1978 mare,
1285 1921 1393 1983 neque
1404 1911 1517 1964 tamen

363 2025 468 2086 aquas
483 2014 631 2086 tangant,
647 2025 706 2069 nec
722 2005 755 2068 in
771 2006 904 2069 vasibus
919 2005 1082 2070 obturatis
1102 2005 1349 2080 concludantur,
1365 2006 1424 2068 scd
1440 2011 1517 2066 aere

257 2125 268 2148 ·
364 2118 493 2172 tantum
516 2109 777 2187 circumdentur3
804 2110 911 2173 bouus
932 2120 982 2173 est
1002 2131 1079 2174 usus
1094 2110 1181 2174 vasis
1202 2108 1287 2172 illius
1308 2109 1398 2191 quod
1422 2108 1516 2170 adhi-

364 2213 470 2276 bitum
497 2223 547 2277 est
578 2233 812 2296 nonnunquam
844 2215 887 2278 ad
914 2215 1118 2297 operandum
1149 2215 1261 2277 subter
1292 2214 1387 2295 aquis
1417 2233 1516 2295 super

366 2318 497 2399 navigia
526 2319 684 2394 demersa,
710 2329 746 2382 ut
777 2318 958 2382 urinatores
987 2319 1111 2381 diutius
1142 2337 1273 2381 manere
1299 2317 1427 2400 possint
1453 2317 1515 2378 sub

365 2423 468 2503 aquis,
495 2431 529 2484 et
556 2442 614 2505 per
640 2423 727 2485 vices
757 2424 800 2486 ad
831 2431 963 2505 tempus
993 2422 1163 2503 respirare.
1213 2421 1300 2485 Illud
1326 2419 1514 2502 hujusmodi

366 2534 446 2589 erat.
501 2525 749 2590 Conficiebatur
782 2527 909 2590 dolium
948 2547 992 2590 ex
1030 2525 1165 2590 metallo
1203 2545 1393 2600 concavum,
1424 2526 1513 2606 quod

366 2629 605 2693 demittebatur
633 2629 850 2712 aequabiliter
879 2631 921 2694 ad
952 2630 1157 2714 superficiem
1191 2651 1307 2714 aquae,
1338 2639 1439 2712 atque
1470 2629 1514 2692 sic

365 2734 564 2815 deportabat
586 2743 695 2798 totum
720 2743 830 2798 ae'rem
855 2735 911 2818 qui
936 2736 1165 2800 continebatur
1182 2735 1214 2798 in
1237 2735 1327 2799 dolio
1348 2755 1457 2799 secum
1482 2735 1514 2796 in

367 2837 505 2900 fundum
532 2839 642 2902 maris.
692 2837 812 2903 Stabat
838 2848 951 2902 autem
978 2861 1076 2923 super
1102 2842 1204 2923 pedes
1229 2850 1295 2902 tres
1318 2839 1437 2921 (instar
1458 2839 1514 2900 tri-

366 2938 486 3026 podis),
501 2943 558 3024 qui
577 2941 791 3024 longitudinis
808 2953 902 3006 erant
920 2943 1091 3024 aliquanto
1110 2943 1244 3006 minoris
1262 2951 1388 3006 statura
1407 2941 1513 3004 homi-

366 3047 436 3121 nis;
459 3046 505 3110 ita
521 3057 558 3110 ut
574 3048 721 3110 urinator
736 3058 856 3130 posset,
872 3068 948 3111 cum
971 3047 1136 3111 anhelitus
1156 3045 1321 3124 deficeret,
1338 3047 1513 3109 immittere

365 3161 465 3232 caput
481 3150 513 3213 in
530 3171 645 3214 cavum
662 3150 751 3230 dolii,
762 3162 795 3216 et
811 3153 978 3234 respirare,
994 3164 1027 3216 ct
1043 3152 1162 3215 deinde
1178 3170 1261 3233 opus
1276 3151 1468 3214 continuare
1477 3149 1516 3209 ⁹⁵.

402 3386 423 3418 ⁹⁴
444 3389 553 3458 Drying
572 3389 600 3443 in
618 3390 667 3443 the
686 3407 747 3458 sun,
763 3407 795 3444 or
812 3407 948 3460 exposure
967 3400 997 3444 to
1015 3391 1063 3446 the
1078 3407 1138 3446 sun.
1175 3393 1201 3444 T
1202 3391 1238 3444 be
1255 3391 1333 3445 word
1350 3390 1373 3446 is
1390 3393 1458 3446 used
1476 3393 1512 3462 by

368 3470 457 3540 Pliny,
473 3473 538 3525 Nat.
555 3471 628 3526 Hist.
641 3473 693 3526 xxi.
709 3487 741 3539 14
755 3472 822 3542 (49),
837 3484 904 3528 sect.
919 3475 961 3540 84.

402 3552 424 3585 ⁹⁶
444 3556 493 3624 Cp.
510 3555 636 3609 Historia
656 3556 745 3610 Densi
762 3567 789 3611 et
808 3557 884 3624 Rari,
903 3558 936 3610 E.
954 3557 1012 3611 and
1030 3559 1068 3625 S,
1085 3558 1139 3612 vol.
1156 3557 1183 3611 ii.
1197 3575 1224 3628 p.
1242 3571 1302 3628 299.
1351 3559 1513 3614 Beckmann

341 3663 344 3670 ⁴
369 3637 498 3706 (History
515 3638 548 3691 os
563 3639 737 3708 Inventione)
755 3641 807 3694 has
822 3657 839 3694 a
857 3641 922 3708 long
939 3639 1037 3695 article
1053 3658 1090 3696 on
1106 3643 1154 3696 the
1171 3640 1278 3710 history
1290 3642 1322 3696 os
1337 3643 1442 3712 Diving
1457 3644 1513 3697 and

369 3720 570 3789 Diving·Bells.
608 3723 685 3776 ‘The
698 3724 788 3778 oldest
799 3723 992 3791 information,'
1002 3725 1037 3778 he
1050 3741 1123 3793 says,
1134 3725 1211 3780 ‘that
1222 3742 1262 3780 we
1275 3726 1347 3780 have
1359 3727 1514 3796 respecting

367 3804 415 3858 the
429 3821 477 3859 use
490 3804 522 3858 ol
532 3807 579 3859 the
597 3805 759 3874 diving-bell
779 3805 806 3860 in
823 3808 936 3877 Europe
953 3807 976 3861 is
992 3807 1053 3862 that
1069 3808 1101 3861 os
1114 3808 1189 3878 John
1206 3807 1345 3877 Taisnier‚
1358 3811 1461 3880 quoted
1477 3812 1513 3878 by

368 3888 476 3942 Schott.
521 3889 583 3942 The
595 3889 707 3955 former,
720 3891 782 3943 who
795 3906 851 3944 was
864 3891 934 3944 born
947 3899 976 3943 at
992 3890 1126 3944 Hainault
1143 3891 1171 3944 in
1192 3904 1267 3960 1509,
1284 3891 1342 3945 bad
1358 3909 1377 3947 a
1392 3895 1470 3962 place
1486 3905 1513 3946 at

368 3981 446 4025 court
459 3971 548 4025 under
561 3972 677 4026 Charles
690 3973 723 4040 V,
737 3973 829 4026 whom
841 3972 877 4027 he
893 3973 1028 4028 attended
1044 3990 1080 4027 on
1097 3974 1141 4028 bis
1153 3991 1259 4044 voyage
1277 3985 1306 4029 to
1318 3975 1421 4030 Africa.
1469 3978 1513 4030 He

369 4055 468 4108 relates
482 4055 510 4107 in
523 4055 597 4110 what
611 4073 727 4109 manner
740 4057 775 4109 he
788 4073 845 4109 saw
857 4067 886 4111 at
898 4057 1006 4110 Toledo
1021 4056 1060 4126 [in
1076 4057 1165 4126 1538],
1179 4057 1208 4111 in
1221 4060 1268 4112 the
1281 4074 1415 4128 presence
1427 4058 1459 4112 ol
1467 4061 1513 4112 the

368 4154 497 4205 emperor
508 4138 565 4191 and
579 4139 685 4192 several
698 4139 838 4192 thousand
852 4149 1015 4209 spectators,
1026 4150 1080 4194 two
1091 4141 1199 4195 Greeks
1209 4142 1245 4196 let
1256 4141 1424 4197 themselves
1434 4143 1512 4196 down

369 4221 458 4274 under
470 4231 563 4288 water,
577 4221 605 4274 in
619 4239 636 4275 a
649 4223 725 4290 large
739 4221 863 4276 inverted
880 4223 973 4289 kettle,
987 4223 1052 4276 with
1070 4241 1087 4277 a
1104 4224 1226 4293 burning
1243 4223 1322 4293 light,
1336 4226 1391 4279 and
1409 4225 1461 4280 rise
1477 4245 1513 4296 up

369 4302 452 4371 again
466 4303 579 4358 without
592 4304 675 4373 being
687 4307 755 4358 wet'
799 4307 860 4360 The
874 4305 1038 4374 diving-bell
1051 4323 1108 4361 was
1120 4308 1267 4377 employed
1280 4307 1324 4362 lor
1336 4309 1384 4363 the
1396 4326 1514 4378 purpose

368 4386 400 4521 ql
415 4386 508 4521 tmiing
525 4397 554 4441 to
571 4403 686 4441 recover
703 4398 764 4456 part
784 4388 815 4442 os
830 4390 877 4444 the
897 4389 978 4460 spoil,
996 4390 1068 4445 alter
1086 4392 1134 4444 the
1154 4391 1244 4445 wreclr
1269 4391 1299 4445 os
1320 4392 1368 4448 the
1392 4393 1511 4462 Spanish

396 4485 455 4521 rma
476 4486 501 4522 a.
