3250 5138
391 360 455 444 578
760 360 1150 421 novunononnurr.

392 531 557 615 quaedam
579 525 797 613 artificiales);
820 537 854 593 et
875 527 1077 610 hujusmodi.
1121 523 1315 609 Quinetiam
1337 545 1424 609 quae
1445 525 1514 589 inte

392 635 527 700 veniunt
550 635 582 698 in
606 642 723 698 natura
744 633 1026 706 condensationes,
1044 630 1151 696 factae
1168 650 1227 713 per
1243 629 1373 712 frigora,
1395 629 1514 693 similit

381 746 469 806 ,sunt
489 737 758 821 investigandae;
781 747 827 815 ut,
847 737 956 801 causis
974 756 1088 801 eorum
1109 735 1258 819 cognitis,
1277 733 1443 799 transferri
1467 755 1513 816 po

393 843 460 908 sint
486 842 518 904 in
544 851 642 906 artes.
687 838 812 922 Quales
837 851 1015 905 cernuntur
1036 839 1070 904 in
1091 839 1293 904 exudatione
1316 837 1490 902 marmoris
1512 869 1514 890 ι

393 945 540 1028 lapidum
550 942 597 1024 ¹²;
620 945 652 1007 in
664 943 883 1008 rorationibus
894 964 993 1027 super
1002 943 1087 1008 vitra
1098 963 1157 1027 per
1168 941 1304 1007 interius
1315 942 1514 1005 fenestratur

393 1050 456 1115 sub
471 1067 632 1126 auroram,
648 1059 724 1132 post
744 1046 820 1131 gelu
838 1049 965 1125 noctis3
988 1047 1022 1111 in
1040 1047 1220 1131 originibus
1240 1055 1274 1110 et
1294 1045 1514 1110 collectionibt

394 1168 556 1232 vaporum
573 1147 606 1210 in
621 1167 727 1230 aquas
741 1148 804 1212 sub
817 1157 915 1226 terra,
926 1149 1014 1212 unde
1028 1167 1128 1232 saepe
1142 1147 1324 1212 scaturiunt
1335 1142 1491 1222 fontes¹³3
1512 1177 1514 1196 ι

394 1271 610 1336 quaecunque
625 1261 701 1315 sunt
716 1250 813 1334 hujus
827 1251 965 1336 generis.

440 1354 657 1420 inveniuntur
671 1364 793 1430 autem,
809 1364 939 1438 praeter
953 1353 1010 1419 illa
1024 1373 1110 1439 quae
1124 1362 1202 1418 sunt
1216 1353 1334 1436 frigida
1349 1353 1391 1417 ad
1408 1362 1514 1418 tactur

397 1460 562 1542 quaedam
578 1457 643 1524 alia
658 1468 823 1542 potestate
834 1459 961 1542 frigida,
972 1479 1060 1542 quae
1070 1459 1170 1523 etiarn
1182 1458 1404 1531 condensant3
1426 1476 1514 1520 verm

395 1575 507 1630 tamen
523 1562 652 1646 operari
663 1564 816 1628 videntur
830 1583 928 1647 super
939 1582 1076 1647 corpora
1087 1559 1277 1626 animalium
1290 1571 1428 1638 tantum,
1441 1570 1474 1624 et
1486 1561 1514 1622 vi

395 1667 491 1732 ultra.
537 1667 646 1749 Hujus
661 1666 790 1748 generis
807 1687 844 1732 se
864 1667 1044 1732 ostendunt
1062 1665 1167 1730 multa
1186 1666 1218 1729 in
1237 1665 1406 1730 medicinis
1424 1675 1458 1728 et
1476 1685 1514 1728 en

395 1771 539 1856 plastris.
584 1769 663 1835 Atia
678 1781 790 1836 autem
810 1772 1012 1836 condensant
1031 1789 1145 1838 carnes
1165 1778 1198 1833 et
1220 1779 1331 1853 partes
1349 1768 1514 1852 tangibile:

396 1875 507 1958 qualia
519 1883 595 1938 sunt
608 1875 850 1940 medicamenta
861 1875 1084 1958 astringentia,
1095 1884 1196 1956 atque
1205 1873 1303 1938 etiam
1317 1873 1514 1956 inspissanti:

396 1978 460 2043 alia
483 1977 686 2042 condensant
709 1979 863 2062 spiritus;
886 1979 920 2044 id
946 1978 1036 2061 quod
1058 1978 1205 2042 maxime
1228 1979 1369 2043 cernitur
1390 1977 1423 2040 in
1448 1999 1514 2060 sopt

397 2080 499 2146 riseris
509 2078 547 2142 ¹⁴.
594 2081 732 2165 Duplex
747 2092 861 2146 autem
876 2093 927 2147 est
947 2083 1065 2146 modus
1079 2081 1346 2148 condensationis
1360 2081 1514 2165 spirituur

396 2206 456 2268 per
472 2186 713 2250 medicamenta
735 2185 923 2271 soporifera,
946 2187 1015 2250 sive
1037 2185 1247 2268 provocantia
1269 2204 1440 2250 somnum:
1462 2184 1514 2248 alt«

397 2311 455 2374 per
477 2288 682 2354 sedationem
706 2299 836 2367 motus;
858 2289 943 2355 alter
964 2309 1024 2372 per
1045 2291 1157 2372 fugam
1180 2289 1364 2371 spirituum.
1411 2289 1514 2352 Eteni

396 2392 492 2470 viola,
509 2412 582 2456 rosa
599 2394 692 2466 sicca,
710 2392 846 2471 lactuca,
862 2403 895 2456 et
910 2392 1099 2474 hujusmodi
1115 2391 1288 2457 benedicta
1307 2393 1375 2455 sive
1392 2392 1511 2474 benign

397 2517 456 2580 per
481 2517 619 2580 vapores
644 2518 722 2562 suos
749 2497 873 2562 amicos
896 2507 930 2562 et
953 2498 1124 2562 moderate
1146 2496 1382 2579 refrigerantes,
1405 2496 1514 2561 invitm

396 2599 528 2682 spiritus
551 2611 587 2664 ut
608 2621 645 2664 se
665 2601 788 2678 uniant,
804 2611 838 2666 et
859 2603 1005 2685 ipsorum
1024 2621 1132 2664 acrem
1155 2608 1188 2663 et
1211 2601 1392 2684 inquietum
1417 2613 1513 2666 motu,

396 2713 622 2786 compescunt.
685 2704 798 2770 Etiam
831 2725 918 2788 aqua
951 2724 1093 2779 rosacea,
1126 2705 1279 2786 apposita
1312 2705 1355 2768 ad
1387 2725 1481 2768 nares

397 2807 549 2890 deliquiis
576 2809 716 2886 animae,
742 2808 876 2892 spiritus
904 2808 1065 2873 resolutos
1092 2817 1126 2874 et
1153 2808 1290 2871 nimium
1317 2806 1484 2872 relaxatos
1511 2861 1512 2870 ,

397 2911 540 2994 recipere
564 2911 651 2984 facit,
678 2923 711 2976 et
733 2922 891 2996 tanquam
914 2911 983 2976 alit.
1027 2911 1079 2975 At
1102 2911 1214 2995 opiata
1238 2921 1273 2977 et
1299 2933 1412 2978 eorum
1437 2911 1512 2976 affin

397 3016 529 3098 spiritus
555 3015 655 3099 plane
681 3015 806 3098 fugant,
833 3038 877 3080 ex
903 3017 1063 3099 qualitate
1088 3035 1148 3080 sua
1173 3015 1318 3100 maligna
1344 3025 1378 3080 et
1405 3016 1511 3081 inimic

398 3118 517 3200 Itaque
532 3119 558 3181 si
575 3118 784 3203 applicentur
797 3120 883 3202 parti
905 3121 1071 3194 exteriori,
1090 3120 1204 3184 statim
1222 3120 1395 3203 aufugiunt
1413 3122 1511 3203 spiriu

397 3221 440 3284 ab
470 3221 525 3284 illa
552 3233 656 3303 parte,
683 3243 743 3287 nec
769 3224 912 3307 amplius
938 3223 1077 3288 libenter
1103 3222 1261 3287 influunt:
1297 3225 1346 3288 sin
1374 3235 1511 3288 sumant

397 3325 540 3402 interius,
570 3347 708 3408 vapores
739 3347 863 3404 eorum,
893 3327 1106 3398 ascendentes
1135 3328 1178 3392 ad
1207 3336 1317 3410 caput,
1347 3327 1480 3411 spiritus

432 3509 455 3542 ¹¹
472 3511 542 3565 This
555 3511 611 3566 and
624 3513 671 3567 the
684 3523 749 3568 next
758 3513 955 3583 phenomenon
965 3516 1033 3569 both
1043 3515 1090 3570 fall
1101 3515 1190 3570 under
1198 3515 1246 3570 the
1255 3517 1368 3586 general
1378 3517 1451 3571 head
1461 3517 1491 3572 of
1498 3527 1507 3570 t

398 3597 565 3668 Deposition
578 3599 611 3654 of
619 3601 699 3654 Dew.
726 3601 783 3654 For
794 3601 951 3657 references
964 3619 1000 3656 on
1013 3603 1070 3658 this
1082 3601 1199 3672 subject,
1213 3619 1260 3658 see
1273 3615 1353 3658 notes
1365 3621 1403 3658 on
1416 3605 1489 3674 Aph.
1502 3631 1509 3660 t

398 3683 449 3753 Cp.
462 3681 523 3736 also
536 3681 622 3751 Sylva
633 3683 789 3753 Sylvarum‚
802 3685 873 3755 Exp.
887 3684 929 3740 81.

433 3763 453 3796 ¹³
473 3764 592 3819 Bacon's
605 3766 738 3836 meaning
750 3766 804 3820 will
816 3769 851 3821 be
864 3770 947 3822 made
961 3767 1034 3838 plain
1049 3769 1086 3838 by
1096 3769 1143 3823 the
1155 3768 1295 3839 following
1304 3771 1470 3826 marvellous
1482 3789 1508 3840 pr

397 3865 463 3918 sage
476 3848 504 3902 in
518 3849 567 3902 the
581 3847 706 3903 Historia
718 3849 807 3905 Densi
816 3861 843 3905 et
855 3851 922 3905 Rari
935 3851 979 3918 (E.
989 3851 1045 3906 and
1056 3852 1094 3918 S„
1105 3853 1159 3906 vol.
1170 3851 1197 3906 ii.
1207 3869 1235 3924 p.
1243 3853 1307 3922 293)
1320 3870 1327 3908 :
1348 3853 1508 3908 ‘Existimat

397 3930 474 4001 origo
486 3930 604 3986 fontium
617 3941 644 3986 et
657 3949 793 4002 aquarum
807 3933 937 4003 dulcium,
951 3951 1022 4006 quae
1037 3953 1071 3990 ex
1087 3944 1162 3990 terra
1179 3935 1341 4004 scaturiunt,
1359 3936 1416 3992 fieri
1431 3955 1464 3992 ex
1481 3955 1508 3994 ar

396 4015 528 4070 concluso
542 4014 570 4068 in
588 4013 665 4069 cavis
681 4024 771 4070 terrae
790 4015 964 4085 (praesertim
981 4017 1131 4087 montium)
1148 4019 1293 4087 coagulato
1312 4029 1339 4074 et
1359 4020 1507 4076 condensat

398 4100 449 4168 Cp.
462 4095 547 4151 Arist.
562 4097 788 4167 Meteorologica,
799 4099 816 4152 i.
829 4113 860 4168 13
873 4101 910 4170 (p.
920 4114 973 4168 349
982 4101 1009 4154 b.
1022 4114 1062 4169 19,
1073 4099 1153 4168 &c.);
1174 4103 1292 4168 Seneca,
1302 4104 1370 4158 Nat.
1381 4103 1507 4171 Quaest:

397 4194 422 4249 9,
439 4194 478 4234 to.
516 4180 641 4234 Granted
655 4181 702 4235 the
715 4181 841 4236 doctrine
854 4183 885 4237 of
897 4183 945 4237 the
961 4184 1200 4254 transmutability
1212 4184 1244 4240 of
1256 4185 1303 4239 the
1320 4186 1469 4254 elements;
1488 4187 1507 4241 tl

396 4262 500 4317 absurd
512 4263 611 4330 theory
624 4281 715 4318 seems
727 4265 836 4319 natural
849 4267 969 4335 enough.

432 4342 454 4374 ¹⁴
472 4346 534 4400 The
547 4346 646 4400 reader
658 4346 711 4400 will
724 4347 783 4401 find
796 4363 874 4402 some
887 4365 954 4418 very
966 4348 1076 4404 curious
1088 4350 1215 4405 remarks
1227 4367 1264 4404 on
1281 4352 1361 4408 these
1376 4350 1498 4422 subjects

396 4423 444 4483 the
458 4427 585 4483 Historia
597 4429 679 4485 Vitae
691 4440 719 4484 et
734 4429 843 4498 Mortis,
858 4432 891 4486 E.
904 4431 961 4486 and
973 4434 1011 4500 S.,
1024 4433 1078 4486 vol.
1092 4431 1118 4488 ii.
1131 4449 1179 4504 pp.
1195 4434 1305 4501 161-71.
