3358 5152
269 304 332 382 264
647 309 804 364 Jvovurr
822 308 1041 364 onaAJvuM.

267 486 302 540 et
327 474 433 539 solida
460 481 631 555 mergente
640 469 677 535 ⁸⁹.
723 472 843 556 Neque
866 485 979 538 tamen
1006 474 1060 538 isti
1088 495 1108 537 a
1135 473 1278 538 nationis
1300 473 1381 536 vitio
1391 469 1418 510 ⁹⁰

268 600 402 664 prorsus
431 580 595 642 immunes
625 588 739 642 erant:
778 580 837 642 sed
867 579 900 642 in
932 579 1148 642 ambitionem
1179 587 1212 642 et
1237 577 1418 641 vanitatem

255 693 379 747 sectae
396 683 590 747 condendae
610 691 644 746 et
664 702 763 747 aurae
786 682 955 764 popularis
975 682 1160 765 captandae
1183 682 1320 745 nimium
1344 701 1419 764 pro-

269 789 468 868 pendebant.
527 787 591 849 Pro
628 786 803 869 desperata
825 785 952 850 'autem
990 786 1145 850 habenda
1185 794 1236 850 est
1272 785 1421 850 veritatis

270 891 446 973 inquisitio,
470 912 545 955 cunr
572 891 616 954 ad
642 889 833 972 hujusmodi
863 890 973 952 inania
998 889 1164 954 deflectat
1210 890 1323 953 Etiam
1354 909 1420 952 non

270 995 492 1059 omittendum
521 995 651 1059 videtur
677 993 838 1076 judicium
869 993 960 1068 illud,
983 995 1053 1057 sive
1082 993 1271 1059 vaticinium
1302 993 1421 1078 potius,

269 1099 450 1163 sacerdotis
464 1098 626 1181 Aegyptii
648 1099 690 1161 de
707 1095 895 1162 Graecis⁹¹:
922 1095 1018 1175 Quod
1035 1108 1158 1179 semper
1172 1097 1275 1180 pueri
1293 1106 1419 1168 essent;

270 1223 368 1284 neque
392 1201 546 1265 haberent
567 1201 796 1284 antiquitatem
822 1202 983 1277 scientiae,
1002 1209 1063 1264 aut
1084 1202 1254 1265 scientiam
1277 1201 1421 1282 antiqui·

271 1307 359 1370 tates.
404 1306 450 1369 Et
466 1315 554 1370 certe
569 1305 695 1370 habent
716 1306 749 1369 id
771 1307 861 1390 quod
882 1325 1058 1389 puerorum
1070 1313 1145 1382 ·est;
1168 1314 1204 1368 ut
1219 1306 1262 1368 ad
1278 1305 1421 1386 garrien-

270 1411 350 1474 dum
367 1410 512 1493 prompti
529 1411 603 1483 sint,
619 1431 776 1492 generare
791 1421 904 1473 autern
926 1429 993 1472 non
1015 1409 1165 1493 possint:
1188 1430 1265 1472 narn
1281 1410 1422 1472 verbosa

269 1514 402 1577 videtur
423 1514 585 1597 sapientia
608 1533 732 1592 eorum,
748 1521 781 1577 et
804 1533 942 1595 operum
965 1513 1093 1578 sterilis.
1139 1514 1258 1595 Itaque
1281 1533 1325 1576 ex
1347 1521 1422 1574 ortu

271 1626 304 1682 et
326 1626 426 1700 gente
447 1617 679 1701 philosophiae
703 1637 788 1699 quae
810 1617 843 1679 in
867 1637 928 1680 usu
950 1626 1010 1693 est,
1027 1638 1112 1700 quae
1134 1617 1308 1701 capiuntur
1329 1616 1423 1698 signa

271 1720 359 1784 bona
374 1741 440 1784 non
457 1729 542 1785 sunt.

772 1842 919 1906 LXXII.

316 1988 435 2071 Neque
451 1989 556 2053 multo
578 1989 713 2053 meliora
734 1999 810 2054 sunt
830 1991 925 2074 signa
946 2010 1032 2072 quae
1056 2010 1100 2053 ex
1123 1999 1241 2054 natura
1264 1989 1424 2072 temporis

274 2101 307 2155 et
322 2093 441 2157 aetatis
457 2093 529 2175 capi
551 2103 699 2175 possunt,
714 2115 812 2176 quam
830 2115 917 2176 quae
932 2115 977 2157 ex
994 2103 1112 2157 natura
1134 2093 1197 2156 loci
1217 2103 1251 2156 et
1272 2092 1425 2156 nationis.

272 2194 429 2278 Angusta
454 2198 542 2260 enim
570 2206 640 2260 erat
666 2207 700 2260 et
726 2185 834 2260 tenuis
862 2197 980 2261 notitia
1004 2218 1063 2280 per
1087 2196 1176 2260 illam
1203 2207 1347 2260 aetatem
1372 2193 1425 2258 vel

274 2299 434 2381 temporis
449 2299 500 2364 vel
517 2300 606 2363 orbis
615 2297 661 2364 ⁹²:
684 2295 779 2385 quod
791 2300 890 2383 longe
906 2302 1085 2384 pessimum
1102 2311 1161 2376 est,
1176 2301 1368 2384 praesertim
1386 2299 1425 2362 iis

273 2405 329 2486 qui
353 2405 464 2467 omnia
488 2405 521 2467 in
545 2406 751 2488 experientia
774 2416 913 2487 ponunt.
957 2405 1077 2488 Neque
1100 2407 1187 2468 enirn
1212 2402 1301 2468 mille
1323 2423 1426 2466 anno-

273 2507 380 2570 rum⁹³
395 2507 574 2584 historiam,
590 2529 676 2591 quae
694 2509 796 2591 digna
813 2521 885 2574 erat
900 2509 1034 2573 nomine
1055 2509 1221 2584 historiae,
1238 2507 1425 2585 habebant3

310 2744 332 2776 ⁸⁰
350 2747 421 2802 This
438 2746 462 2801 is
481 2764 498 2801 a
516 2747 592 2816 good
607 2747 735 2802 instance
750 2747 782 2800 of
797 2748 820 2801 F
822 2748 879 2801 alse
896 2749 1033 2817 Analogy.
1070 2749 1176 2813 Bacon,
1192 2763 1224 2802 as
1241 2750 1292 2802 Dr.
1311 2747 1427 2802 Kitehin

274 2832 414 2898 observes,
428 2847 519 2885 seems
534 2829 635 2900 partial
649 2843 676 2884 to
693 2830 749 2884 this
766 2831 921 2900 metaphor.
960 2832 985 2885 lt
1001 2848 1100 2886 occurs
1115 2831 1198 2901 again
1212 2833 1314 2886 almost
1329 2831 1426 2886 imme·

274 2914 377 2982 diateiy
390 2914 419 2967 in
431 2914 505 2984 Aph.
518 2927 561 2980 77,
573 2931 605 2968 as
618 2915 678 2968 well
691 2931 723 2968 as
737 2913 764 2968 in
778 2915 859 2968 other
869 2916 973 2984 places.

310 2996 331 3027 ⁹⁰
350 2998 436 3051 ‘Erat
457 3006 552 3051 autem
574 2996 709 3066 sapientia
731 2999 903 3052 Graecorum
924 2997 1100 3068 professoria,
1123 3008 1150 3053 et
1173 2998 1201 3052 in
1223 2997 1427 3068 disputationes

274 3080 379 3134 effusa!

311 3161 330 3192 ⁹¹
350 3164 403 3217 See
424 3162 513 3229 Plato,
532 3162 673 3230 Timaeus,
689 3181 716 3234 p.
734 3179 768 3218 22
782 3165 818 3219 b:
839 3164 889 3217 Καί
905 3185 961 3218 τινα
977 3163 1058 3219 εἰπεῖν
1073 3169 1124 3218 τῶν
1142 3163 1230 3235 ἱερέων
1249 3165 1314 3234 (one
1333 3163 1365 3219 oi
1379 3165 1428 3220 the

276 3245 418 3316 Egyptian
431 3244 541 3315 p'riests)
553 3244 582 3299 cri
593 3247 663 3314 prilla
675 3249 795 3301 παλαιόν·
809 3243 844 3300 'o
855 3249 952 3315 Σόλων,
965 3250 1061 3315 Σόλων,
1069 3245 1197 3316 Ἕλληνες
1206 3247 1245 3301 ἀεὶ
1257 3247 1346 3304 παῖδές
1356 3248 1427 3316 ε’στε,

275 3329 359 3399 γέρων
371 3327 508 3397 δι’Ἐλλην
525 3330 570 3383 οὐκ
586 3329 668 3384 ἔστιν.
703 3328 832 3386 Ἀκούσας
850 3329 902 3398 οὖν,
914 3335 969 3387 πῶς
985 3331 1011 3385 ri
1026 3335 1103 3385 τοῦτο
1118 3330 1219 3401 λέγεις;
1239 3332 1328 3402 φάναι.
1365 3331 1429 3384 Νέοι

275 3411 347 3474 ἐστι’,
360 3412 448 3475 εἰπεῖν,
461 3413 507 3466 τὰς
519 3413 611 3483 ψυχὰς
621 3414 722 3469 πάντες·
741 3414 862 3484 οὐδεμίαν
877 3415 928 3485 γὰρ
945 3413 973 3468 iv
988 3415 1076 3470 atreis
1091 3415 1165 3485 ἔχετε
1182 3412 1214 3468 di
1227 3414 1337 3486 ἀρχαίαν
1352 3413 1430 3483 ἀκοὴν

275 3495 388 3549 παλαιὰν
400 3494 478 3564 δόξαν
490 3495 550 3550 οὐδὲ
562 3493 666 3565 μάθημα
675 3497 761 3568 χρόνῳ
772 3499 866 3552 πολιὸν
878 3497 961 3553 οὐδέν.

311 3575 332 3607 ⁹²
351 3579 403 3632 We
416 3589 490 3633 must
508 3580 639 3634 recollect
655 3580 717 3634 how
730 3580 840 3650 rapidly
856 3581 904 3636 the
921 3582 1084 3652 knowledge
1102 3583 1132 3637 of
1148 3583 1196 3637 the
1214 3582 1321 3636 suriace
1336 3581 1368 3636 oi
1381 3582 1428 3636 the
1527 3607 1528 3610 ¹

276 3661 357 3729 globe
377 3661 432 3716 had
451 3661 522 3716 been
541 3663 692 3732 spreading
710 3663 739 3718 in
758 3666 805 3719 the
826 3665 894 3719 time
915 3666 945 3719 os
964 3667 1059 3720 Bacon
1078 3667 1135 3719 and
1156 3666 1217 3720 that
1240 3665 1429 3734 immediately

276 3745 428 3814 preceding
440 3743 507 3799 him.
539 3747 582 3800 To
595 3764 644 3816 say
657 3747 775 3817 nothing
787 3748 820 3802 ol
827 3749 926 3802 earlier
939 3749 1111 3804 discoverers
1123 3768 1131 3815 ;
1150 3749 1255 3816 Drake‚
1269 3749 1429 3814 Frobisher‚

191 3888 196 3895 ,
277 3827 405 3897 Raleigh,
413 3829 469 3882 and
478 3828 525 3883 the
534 3830 612 3884 three
624 3831 791 3885 Hawkinses
800 3849 870 3886 were
879 3833 916 3885 all
924 3831 968 3886 his
977 3831 1225 3902 contemporaries.
1263 3834 1371 3899 Hence,
1382 3832 1430 3886 the

276 3911 475 3982 geographical
486 3913 649 3983 knowledge
662 3915 809 3982 possessed
825 3914 862 3983 by
875 3916 922 3969 the
937 3915 1064 3970 ancients
1077 3933 1134 3970 was
1149 3916 1262 3984 already
1279 3915 1430 3984 beginning

276 4004 306 4048 to
315 4011 419 4064 appear
429 3997 634 4066 contemptible.
671 3999 733 4052 The
742 3997 921 4068 frontispiece
931 3999 963 4053 of
971 3999 1019 4052 the
1029 3999 1088 4052 first
1097 3998 1202 4053 edition
1212 3999 1245 4053 of
1254 4000 1301 4053 the
1316 4001 1429 4052 Novum

278 4079 423 4145 Organum
435 4089 595 4149 represents
608 4097 626 4134 a
638 4081 726 4135 vessel
740 4080 767 4134 in
780 4082 829 4135 tull
841 4082 901 4149 sail,
915 4083 1030 4151 passing
1043 4082 1168 4136 between
1182 4092 1237 4136 two
1250 4081 1353 4152 pillars,
1364 4081 1429 4136 with

277 4161 325 4216 the
337 4171 426 4216 motto
440 4161 541 4217 ‘Multi
555 4163 770 4232 pertransibunt,
783 4174 810 4218 et
823 4165 971 4234 augebitur
983 4165 1118 4220 scientia?
1140 4167 1227 4234 (Dan.
1240 4165 1283 4219 xii.
1297 4165 1335 4234 4.)

313 4243 333 4273 ⁹³
354 4245 388 4297 ln
402 4245 449 4300 the
463 4245 576 4300 ‘Praise
591 4247 621 4300 ol
637 4246 825 4316 Knowledge‚'
838 4247 921 4316 given
936 4249 965 4302 in
983 4249 1153 4319 Spedding's
1171 4250 1279 4303 Letters
1296 4249 1353 4302 and
1370 4247 1430 4302 Lit'e

278 4325 309 4381 of
319 4327 414 4381 Bacon
429 4329 493 4394 (vol.
507 4329 524 4383 i.
537 4346 564 4398 p.
582 4329 652 4398 124),
668 4331 763 4384 Bacon
778 4347 862 4399 says:
883 4331 962 4386 ‘The
982 4332 1090 4387 Greeks
1106 4333 1187 4387 knew
1203 4332 1312 4402 (except
1329 4330 1429 4398 iables)

277 4419 325 4464 not
338 4411 422 4464 much
434 4412 524 4466 above
538 4413 591 4468 five
604 4412 732 4468 hundred
749 4430 830 4482 years
847 4415 941 4470 before
958 4416 1144 4471 themselves!
1182 4415 1295 4484 Taking
1314 4415 1430 4484 roughly
