3358 5152
614 420 694 476 ΗΒ.
717 419 744 476 I.
766 431 926 496 99-101.
1285 429 1349 500 305

201 583 358 648 naturalis
371 580 470 668 (quae
485 581 557 665 ejus
571 585 660 650 basis
672 593 722 650 est
733 595 766 650 et
777 585 1042 672 fundamentum)
1056 588 1173 652 melius
1188 588 1350 653 instructa

199 689 314 766 fuerit;
336 698 436 753 antea
451 709 528 753 vero
545 689 689 754 minime.

712 835 840 901 XCIX.

243 972 359 1057 Atque
375 995 485 1039 rursus
501 975 534 1038 in
550 974 621 1058 ipsa
643 975 943 1059 experimentorum
964 977 1228 1044 mechanicorum
1247 979 1352 1062 copia,

200 1099 330 1143 summa
360 1099 486 1156 eorum,
512 1100 598 1162 quae
623 1082 667 1144 ad
694 1079 879 1145 intellectus
912 1080 1175 1147 informationem
1207 1083 1352 1147 maxime

201 1182 323 1247 faciunt
339 1193 373 1247 et
384 1182 511 1266 juvant,
525 1184 689 1266 detegitur
705 1185 827 1268 inopia.
874 1185 1086 1252 Mechanicus
1101 1187 1198 1264 enim,
1211 1188 1253 1251 de
1268 1187 1353 1252 veri·

200 1286 280 1352 tatis
295 1287 505 1369 inquisitione
521 1287 611 1352 nullo
628 1289 730 1354 modo
745 1288 913 1368 sollicitus,
925 1311 991 1355 non
1006 1291 1050 1355 ad
1065 1291 1131 1356 alia
1147 1311 1247 1374 quam
1267 1311 1353 1374 quae

201 1392 292 1472 operi
308 1413 368 1456 suo
383 1393 590 1457 subserviunt
606 1403 664 1458 aut
679 1394 825 1457 animum
848 1393 944 1477 erigit
966 1403 1023 1458 aut
1047 1415 1180 1459 manum
1202 1395 1352 1478 porrigit.

202 1495 290 1560 Tum
313 1517 391 1560 vero
415 1497 457 1560 de
479 1498 690 1562 scientiarum
713 1496 867 1562 ulteriore
889 1518 1062 1581 progressu
1086 1520 1161 1583 spes
1179 1500 1264 1564 bene
1279 1500 1352 1563 fun-

202 1600 343 1678 dabitur,
358 1621 461 1684 quum
484 1601 516 1665 in
537 1601 721 1666 Historiam
744 1601 940 1666 Naturalem
964 1604 1160 1686 recipientur
1181 1613 1214 1668 et
1237 1623 1354 1686 aggre-

201 1706 368 1788 gabuntur
390 1705 561 1788 complura
583 1706 820 1787 experimenta,
834 1726 920 1788 quae
935 1706 967 1771 in
982 1728 1017 1770 se
1033 1707 1152 1772 nullius
1173 1717 1250 1772 sunt
1267 1729 1353 1784 usus,

200 1808 259 1872 sed
281 1810 325 1873 ad
348 1808 569 1874 inventionem
594 1829 764 1874 causarum
785 1819 818 1874 et
838 1811 1047 1876 axiomatum
1065 1821 1194 1876 tantum
1214 1812 1354 1888 iaciunt;

201 1931 287 1995 quae
302 1933 363 1977 nos
383 1913 523 1996 lucifera
540 1914 777 1998 experimenta,
792 1914 835 1978 ad
851 1914 1069 1980 differentiam
1082 1915 1351 1998 fructiferarum,

200 2016 368 2101 appellare
383 2018 612 2082 consuevimus
624 2017 660 2083 ⁸³.
707 2017 768 2082 Illa
786 2029 897 2083 autem
918 2021 1034 2084 miram
1050 2020 1174 2085 habent
1191 2021 1223 2084 in
1238 2041 1273 2085 se
1288 2022 1353 2084 vir-

200 2131 308 2186 tutem
331 2132 365 2187 et
387 2122 635 2198 conditionem3
656 2121 741 2187 hanc
761 2121 922 2200 videlicet,
942 2125 1033 2206 quod
1053 2145 1222 2208 nunquam
1238 2124 1355 2191 fallant

200 2235 258 2289 aut
273 2225 477 2291 frustrentur.
524 2224 611 2290 Cum
627 2226 714 2290 enim
733 2227 776 2290 ad
799 2226 862 2291 hoc
884 2227 1112 2306 adhibeantur,
1129 2250 1195 2293 non
1216 2238 1252 2293 ut
1269 2249 1353 2312 opus

201 2328 335 2412 aliquod
353 2329 495 2394 efficiant
515 2330 574 2394 sed
596 2339 633 2393 ut
651 2350 785 2394 causam
806 2329 989 2396 naturalem
1011 2333 1043 2394 in
1065 2332 1179 2415 aliquo
1199 2332 1354 2406 revelent,

200 2451 463 2516 quaquaversum
500 2435 632 2511 cadunt,
662 2434 837 2500 intentioni
870 2456 976 2518 aeque
1013 2436 1238 2512 satisfaciunt;
1279 2456 1353 2501 cum

199 2537 425 2622 quaestionem
447 2538 633 2604 terminent.

760 2641 797 2707 C.

245 2777 296 2844 At
315 2799 380 2843 non
402 2779 508 2844 solum
529 2779 625 2865 copia
644 2780 749 2864 major
771 2782 1072 2864 experimentorum
1094 2781 1282 2865 quaerenda
1304 2793 1355 2848 est

201 2892 234 2947 et
258 2885 470 2966 procuranda,
491 2893 592 2967 atque
611 2886 712 2950 etiam
733 2884 868 2950 alterius
885 2885 1024 2969 generis,
1039 2905 1139 2968 quam
1161 2885 1270 2951 adhuc
1287 2886 1353 2950 fac·

202 2998 275 3052 tum
287 2997 358 3063 est;
380 2988 551 3052 sedetiam
563 2988 741 3053 methodus
751 2988 778 3028 ⁸⁴
793 2990 892 3072 plane
906 2989 971 3054 alia
987 2999 1021 3056 et
1037 2991 1119 3054 ordo
1134 2997 1168 3054 et
1183 3010 1355 3073 processus

201 3092 446 3156 continuandae
482 3102 516 3156 et
553 3093 783 3176 provehendae
827 3093 1063 3177 Experientiae
1107 3093 1353 3158 introducenda.

201 3195 297 3279 Vaga
311 3197 399 3260 enim
417 3197 634 3280 Experientia
650 3206 682 3262 et
697 3219 733 3262 se
748 3207 878 3262 tantum
902 3219 1041 3281 sequens
1056 3193 1108 3284 (ut
1124 3199 1272 3282 superius
1288 3199 1356 3262 dic·

201 3310 275 3364 tum
291 3311 340 3364 est
349 3297 391 3386 ⁸⁶)
403 3321 494 3364 mera
506 3300 654 3386 palpatio
666 3312 724 3373 est,
739 3312 772 3366 et
782 3303 933 3367 homines
944 3303 1054 3386 potius
1065 3302 1242 3384 stupefacit
1253 3323 1353 3385 quam

201 3404 366 3468 informat.
411 3403 461 3468 At
482 3425 557 3469 cnm
581 3406 799 3488 Experientia
819 3405 893 3490 lege
916 3417 1005 3472 certa
1026 3407 1193 3490 procedet,
1210 3408 1355 3472 seriatim

203 3518 237 3572 ct
252 3509 466 3586 continenter,
482 3511 524 3576 de
540 3509 682 3576 scientiis
696 3511 822 3594 aliquid
838 3510 954 3576 melius
970 3511 1091 3594 sperari
1108 3511 1239 3595 poterit.

753 3715 810 3781 CI.

247 3862 428 3945 Postquam
457 3883 535 3928 vero
561 3863 657 3947 copia
686 3873 720 3928 et
747 3862 901 3928 materies
932 3862 1100 3928 Historiae
1126 3863 1296 3927 Naturalis
1322 3873 1356 3927 et

204 3967 449 4050 Experientlae,
476 3967 551 4034 talis
577 3967 683 4052 qualis
709 3968 752 4031 ad
782 3989 866 4050 opus
896 3967 1083 4033 intellectus
1109 3968 1178 4031 sive
1202 3969 1244 4031 ad
1271 3986 1357 4051 opus

203 4069 468 4158 philosophicum
492 4072 678 4155 requiritur,
704 4081 835 4158 praesto
856 4071 925 4155 jam
951 4072 994 4136 sit
1019 4079 1053 4138 et
1077 4080 1213 4158 parata:
1247 4079 1358 4133 tamen

241 4290 262 4324 ⁸³
281 4295 334 4349 See
346 4293 421 4363 Aph.
435 4305 478 4362 70,
490 4293 557 4347 with
571 4305 636 4350 note
649 4295 691 4349 80.

238 4373 260 4406 ⁸⁴
279 4377 366 4430 What
384 4377 489 4432 follows
502 4375 525 4432 is
538 4395 556 4432 a
569 4395 644 4434 mere
663 4377 810 4449 repetition
826 4378 857 4433 of
866 4379 940 4435 what
958 4379 1010 4434 has
1029 4378 1142 4448 already
1154 4377 1226 4432 been
1246 4373 1307 4432 said
1326 4375 1355 4429 in

201 4457 250 4515 the
263 4459 414 4529 preceding
426 4459 601 4531 Aphorisms.

238 4537 261 4572 ⁸⁶
278 4542 352 4613 Aph.
366 4544 409 4598 82.

763 4645 788 4696 X
