3358 5152
314 437 378 504 290
691 424 848 481 novun
868 423 1087 484 ORGANUM.

313 590 423 675 lapide
438 611 504 654 non
520 598 660 668 notatur,
678 589 737 653 sed
753 587 851 653 solidi
866 588 1088 673 appellatione
1102 588 1344 664 transmittitur,
1359 611 1466 673 neque

313 697 454 779 amplius
491 695 534 758 de
570 694 649 778 luga
685 695 900 778 separationis
937 704 995 757 aut
1036 693 1206 758 solutionis
1243 695 1466 759 continuitatis

313 800 504 883 inquiritur;
538 807 573 862 at
600 799 633 861 in
660 818 819 880 aquarum
850 798 947 861 bullis
973 800 1089 862 eadem
1116 819 1166 862 res
1187 799 1318 862 videtur
1339 798 1467 862 subtilis

314 912 347 966 et
369 903 556 986 ingeniosa;
576 922 665 984 quae
686 901 796 966 bullae
811 923 848 965 se
862 901 1041 983 conjiciunt
1059 905 1091 965 in
1110 900 1279 987 pelliculas
1295 905 1466 984 quasdam,

314 1009 347 1070 in
370 1006 601 1090 hemisphaerii
632 1004 773 1069 sormam
804 1006 932 1069 curiose
965 1007 1099 1083 effictas,
1128 1015 1163 1070 ut
1190 1007 1233 1070 ad
1260 1016 1464 1071 momentum

314 1111 470 1194 temporis
486 1109 626 1174 evitetur
640 1109 761 1174 solutio
777 1110 1012 1174 continuitatis.

356 1214 473 1297 Atque
492 1233 626 1299 prorsus
645 1213 702 1277 illa
720 1213 800 1297 ipsa,
820 1234 906 1295 quae
923 1212 1086 1278 habentur
1104 1235 1164 1296 pro
1182 1213 1326 1290 secretis,
1342 1214 1375 1276 in
1395 1213 1467 1277 aliis

312 1319 436 1384 habent
459 1329 610 1383 naturam
634 1318 840 1382 manifestam
868 1327 900 1382 et
927 1339 1156 1394 communem;
1184 1338 1271 1400 quae
1297 1337 1466 1400 nunquam

313 1424 468 1488 sedabit
494 1421 769 1507 conspiciendam,
796 1423 823 1486 si
850 1420 1022 1485 hominurn
1053 1421 1281 1505 experimenta
1306 1431 1364 1486 aut
1390 1441 1466 1486 con-

312 1528 543 1612 templationes
558 1526 667 1590 inillis
682 1525 761 1610 ipsis
772 1534 901 1590 tantum
912 1534 1092 1590 versentur.
1139 1524 1345 1590 Generaliter
1354 1535 1466 1588 autem

313 1641 346 1697 et
364 1631 473 1715 vulgo,
493 1633 527 1695 in
545 1631 700 1716 operibus
719 1629 917 1696 mechanicis
937 1631 1102 1694 habentur
1124 1649 1184 1714 pro
1203 1632 1296 1693 novis
1315 1631 1466 1703 inventis,

312 1735 339 1800 si
354 1736 429 1817 quis
441 1735 639 1818 jampridem
656 1737 788 1799 inventa
802 1734 954 1798 subtilius
969 1735 1082 1817 poliat,
1098 1734 1149 1798 vel
1165 1743 1258 1798 omet
1274 1733 1467 1817 elegantius,

312 1839 365 1904 vel
379 1839 476 1904 simul
492 1840 582 1902 uniat
598 1849 631 1903 et
647 1848 834 1922 componat,
850 1838 903 1902 vel
918 1859 994 1903 cum
1016 1859 1076 1902 usu
1098 1837 1304 1903 commodius
1325 1836 1467 1921 copulet,

312 1953 369 2008 aut
386 1963 469 2025 opus
485 1943 617 2026 majore,
633 1953 690 2007 aut
706 1944 806 2007 etiam
823 1944 957 2022 minore,
972 1963 1073 2026 qnam
1095 1941 1164 2006 fieri
1183 1942 1361 2017 consuevit,
1379 1941 1467 2006 mole

312 2047 365 2112 vel
379 2047 547 2111 volumine
562 2046 730 2124 exhibeat,
745 2057 778 2112 et
793 2047 924 2112 similia.

356 2151 476 2233 Itaque
502 2151 637 2214 minime
667 2152 785 2214 mirum
816 2161 874 2228 est,
900 2151 927 2216 si
959 2151 1084 2216 nobilia
1114 2159 1147 2214 et
1173 2169 1291 2233 genere
1320 2149 1467 2214 humano

312 2255 413 2339 digna
444 2256 576 2320 inventa
606 2255 639 2318 in
669 2254 776 2319 lucem
807 2265 955 2319 extracta
984 2276 1050 2318 non
1081 2254 1157 2332 sint,
1184 2274 1286 2336 quum
1316 2251 1467 2317 homines

315 2358 505 2440 hujusmodi
529 2360 659 2443 exiguis
680 2359 792 2443 pensis
818 2367 851 2422 et
879 2358 1055 2442 puerilibus
1081 2357 1230 2423 contenti
1255 2367 1289 2420 et
1314 2357 1468 2424 delectati

312 2461 451 2542 luerint;
483 2465 664 2546 quinetiam
691 2464 724 2524 in
750 2463 866 2526 iisdem
893 2483 929 2528 sc
955 2483 1112 2546 magnum
1138 2461 1273 2544 aliquod
1296 2472 1463 2544 sequutus,

312 2577 370 2632 aut
383 2579 579 2651 assequutus
593 2567 790 2652 putaverint.

788 2763 990 2830 LXXXIX.

356 2916 475 2999 Neque
502 2917 583 2981 illud
613 2919 941 3002 praetermittendum
967 2927 1026 2995 est,
1053 2918 1142 2999 quod
1169 2924 1266 2980 nacta
1291 2913 1332 2978 sit
1358 2913 1465 2996 philo-

312 3019 426 3102 sophia
448 3022 607 3086 naturalis
625 3043 685 3106 per
705 3043 821 3086 omnes
840 3032 966 3087 aetates
987 3020 1210 3086 adversarium
1234 3020 1409 3083 molestum
1431 3027 1465 3082 et

312 3123 499 3202 difficilem
522 3127 784 3210 superstitionem
800 3128 960 3205 nimirum,
976 3135 1009 3190 et
1025 3125 1131 3189 zelum
1150 3123 1313 3207 religionis
1331 3142 1465 3187 caecum

312 3236 346 3290 et
375 3227 629 3293 immoderatum
638 3228 675 3293 ⁶³.
720 3231 854 3295 Etenim
880 3231 992 3295 videre
1021 3240 1071 3294 est
1100 3229 1189 3310 apud
1217 3227 1370 3303 Graecos,
1399 3247 1465 3302 eos,

313 3331 369 3414 qui
384 3333 528 3416 primum
544 3353 657 3398 causas
675 3334 838 3398 naturales
858 3333 1003 3398 sulminis
1022 3343 1055 3396 et
1072 3341 1308 3416 tempestatum
1331 3331 1465 3395 insuetis

313 3435 421 3499 adhuc
444 3435 616 3501 hominum
640 3438 775 3502 auribus
795 3445 1047 3522 proposuerunt,
1066 3435 1246 3519 impietatis
1268 3437 1301 3498 in
1322 3436 1402 3499 deos
1425 3455 1465 3497 eo

313 3539 447 3603 nomine
462 3541 636 3605 damnatos
646 3540 691 3603 ⁵⁴:
714 3561 774 3605 nec
790 3543 896 3606 multo
908 3543 1025 3606 melius
1040 3562 1061 3605 a
1076 3538 1242 3604 nonnullis
1254 3541 1463 3622 antiquorum

315 3795 361 3832 see
374 3779 426 3832 Bk.
441 3777 468 3831 ii.
481 3779 569 3848 Aphs.
579 3793 622 3846 24,
633 3793 675 3850 25,
685 3782 742 3835 and
751 3781 916 3838 Herschel’s
930 3781 1083 3836 Discourse
1095 3796 1132 3834 on
1145 3779 1194 3834 the
1208 3779 1337 3848 Studyos
1345 3778 1464 3832 Natural

315 3861 494 3932 Philosophy,
509 3859 540 3931 ἐξ
557 3875 651 3931 192-3.

348 3941 371 3974 ⁸¹
390 3946 441 4015 Cp.
448 3946 524 4016 Aph.
533 3945 577 4015 65.
614 3946 676 4000 The
684 3955 765 4002 notes
774 3965 811 4002 on
824 3947 884 4002 that
895 3947 1047 4018 Aphorism
1056 3946 1109 4001 will
1122 3947 1183 4001 also
1195 3961 1275 4001 serve
1287 3953 1316 3999 to
1329 3943 1463 3999 illustrate

313 4026 379 4082 this.

349 4111 471 4180 Though
489 4113 584 4167 Bacon
602 4112 769 4182 repudiated
786 4130 817 4168 so
829 4114 1006 4182 vehemently
1018 4114 1066 4168 the
1086 4111 1321 4167 introductiones
1334 4109 1463 4180 religious

314 4192 534 4250 consideratione
553 4195 613 4250 into
629 4197 741 4251 natural
760 4197 936 4265 philosophy,
949 4197 1028 4251 there
1047 4213 1093 4249 are
1111 4212 1196 4265 many
1211 4195 1352 4249 instances
1371 4193 1400 4248 in
1419 4193 1463 4248 his

315 4278 404 4332 works
418 4277 450 4331 oi
464 4276 508 4331 bis
523 4279 624 4347 deeply
635 4279 766 4347 religione
784 4277 870 4347 spirit.
909 4281 954 4334 On
967 4279 1012 4334 his
1025 4278 1155 4346 religious
1173 4277 1302 4349 opinions
1313 4278 1462 4347 generally,

314 4377 362 4415 see
376 4360 576 4426 Introduction,
590 4357 604 4430 ξ
619 4374 644 4428 7.

350 4439 372 4471 ⁶⁴
391 4445 445 4498 See
458 4442 672 4513 Aristophanes’
684 4443 796 4510 Clouds,
810 4443 828 4497 1.
842 4457 902 4514 372,
915 4445 984 4500 &cz

315 4530 362 4578 ΣΤ.
380 4525 410 4593 νὴ
428 4527 474 4580 τὸν
491 4521 624 4593 Ἀπόλλω,
642 4528 719 4580 τοῦτό
736 4525 769 4598 γε’
785 4548 826 4582 τοι
845 4527 876 4595 δὴ
894 4527 929 4599 rqi
947 4531 992 4582 νῦν
1009 4529 1082 4600 λόγῳ
1100 4525 1129 4583 εὖ
1145 4526 1328 4599 προσίφυσιις·
