3250 5138
392 358 456 442 578
761 359 1151 420 novunrorcrvux.

394 530 558 614 quaedam
580 523 798 613 artificiales);
821 536 855 592 et
876 526 1077 609 hujusmodi.
1122 523 1316 608 Quinetiam
1338 545 1425 608 quae
1447 525 1514 588 inte

393 633 529 698 veniunt
551 633 583 696 in
605 641 723 696 natura
744 632 1026 705 condensationes,
1045 629 1151 694 factae
1169 649 1227 712 per
1244 629 1374 712 frigora,
1396 629 1514 693 similit

382 747 471 806 ,sunt
491 735 758 820 investigandae;
781 744 828 814 ut,
848 735 956 800 causis
975 754 1089 800 eorum
1110 733 1259 818 cognitis,
1278 732 1445 798 transferri
1468 755 1513 816 po

394 843 460 906 sint
487 841 519 903 in
545 850 642 904 artes.
687 837 812 921 Quales
837 849 1016 904 cernuntur
1037 839 1070 902 in
1093 837 1294 902 exudatione
1316 837 1491 930 marmoris
1513 877 1514 884 τ

394 944 541 1027 lapidum
551 939 598 1022 ¹¹;
620 943 653 1006 in
664 943 884 1008 rorationibus
894 963 993 1026 super
1002 943 1088 1007 vitra
1098 962 1158 1026 per
1168 941 1305 1006 interius
1315 941 1514 1005 fenestrarur

393 1049 456 1113 sub
471 1065 632 1124 auroram,
648 1057 724 1131 post
745 1045 821 1130 gelu
839 1048 965 1124 noctis;
988 1046 1023 1110 in
1041 1046 1221 1130 originibus
1240 1057 1275 1110 et
1294 1044 1514 1110 collectionibr

395 1166 556 1229 vaporum
573 1145 606 1208 in
621 1165 727 1228 aquas
741 1147 804 1210 sub
818 1157 915 1224 terra,
926 1147 1014 1211 unde
1029 1165 1129 1231 saepe
1143 1146 1325 1212 scaturiunt
1335 1142 1492 1220 fontes¹³;
1513 1181 1514 1192 τ

395 1269 611 1334 quaecunque
625 1257 701 1314 sunt
716 1249 813 1332 hujus
828 1250 966 1334 generis.

440 1353 657 1418 Inveniuntur
671 1361 793 1430 autem,
809 1365 939 1437 praeter
954 1352 1010 1418 illa
1024 1373 1110 1439 quse
1125 1361 1202 1417 sunt
1216 1351 1334 1437 frigida
1349 1353 1392 1416 ad
1408 1361 1514 1417 tactur

397 1458 563 1540 quaedam
578 1455 643 1522 alia
658 1468 823 1540 potestate
834 1458 961 1542 frigida,
972 1478 1060 1542 quae
1070 1457 1170 1521 etiam
1183 1457 1403 1530 condensant3
1426 1477 1514 1520 verm

395 1573 508 1628 tamen
523 1561 652 1644 operari
664 1563 817 1627 videntur
830 1583 929 1646 super
940 1581 1077 1646 corpora
1088 1559 1278 1624 animalium
1290 1571 1429 1638 tantum,
1441 1571 1475 1624 et
1487 1561 1514 1622 vi

396 1666 491 1731 ultra.
537 1665 646 1748 Hujus
661 1667 790 1748 generis
807 1686 844 1731 se
863 1667 1044 1732 ostendunt
1063 1664 1168 1731 multa
1186 1665 1218 1729 in
1238 1665 1407 1729 medicinis
1425 1674 1459 1728 et
1477 1685 1514 1727 en

395 1770 539 1854 plastris.
584 1768 664 1834 Alia
679 1780 791 1835 autem
810 1771 1012 1836 condensant
1032 1789 1145 1836 carnes
1165 1779 1199 1832 et
1219 1779 1331 1852 partes
1350 1768 1514 1851 tangibile:

396 1873 508 1957 qualia
519 1883 596 1938 sunt
609 1875 851 1938 medicamenta
862 1875 1084 1958 astringentis,
1095 1883 1195 1956 atque
1205 1873 1304 1938 etiam
1317 1873 1514 1954 inspissantir

396 1977 460 2042 alia
483 1977 686 2042 condensant
709 1978 863 2063 spiritus3
887 1979 920 2042 id
946 1978 1036 2060 quod
1058 1977 1206 2042 maxIme
1228 1977 1369 2042 cernitur
1390 1977 1423 2040 in
1447 1998 1514 2059 sop

397 2078 548 2144 riferis¹⁴.
594 2080 731 2165 Duplex
747 2093 860 2146 autem
877 2091 927 2146 est
947 2082 1065 2145 modus
1080 2081 1346 2146 condensationis
1360 2081 1514 2165 spirituur

396 2205 456 2268 per
471 2185 713 2249 medicamenta
735 2184 923 2268 soporifera,
946 2185 1014 2249 sive
1037 2184 1248 2267 provocantia
1269 2203 1441 2249 somnum:
1462 2185 1514 2248 altr

397 2309 455 2372 per
477 2287 682 2352 sedationem
706 2296 836 2366 motus;
858 2289 944 2353 alter
965 2309 1024 2370 per
1045 2289 1158 2372 fugam
1180 2288 1364 2370 spirituum.
1411 2287 1510 2352 Eteni

397 2391 492 2468 viola,
509 2411 582 2454 rosa
598 2393 692 2464 sicca,
710 2391 846 2470 lactuca,
861 2402 895 2456 et
910 2391 1100 2474 hujusmodi
1116 2391 1289 2456 benedicta
1307 2393 1375 2456 sive
1391 2393 1512 2475 benign

397 2514 457 2578 per
481 2514 619 2578 vapores
643 2515 722 2560 suos
748 2497 873 2561 amicos
896 2507 930 2560 et
953 2497 1123 2560 moderate
1146 2495 1381 2580 refrigerantes,
1405 2497 1514 2561 invitat

396 2597 528 2680 spiritus
551 2609 588 2662 ut
608 2619 644 2662 se
665 2599 788 2677 uniant,
803 2610 837 2664 et
859 2601 1004 2682 ipsorum
1023 2619 1131 2664 acrem
1155 2608 1188 2662 et
1212 2600 1392 2685 inquietum
1416 2611 1509 2664 motu

396 2711 621 2785 compescunt.
685 2703 798 2768 Etiam
831 2723 918 2786 aqua
951 2724 1092 2778 rosacea,
1126 2703 1281 2785 apposita
1312 2705 1354 2767 ad
1386 2724 1481 2768 nares

397 2805 549 2888 deliquiis
576 2807 716 2885 animae,
742 2807 876 2891 spiritus
904 2807 1065 2871 resolutos
1092 2817 1127 2872 et
1153 2807 1291 2870 nimium
1317 2805 1484 2872 relaxatos
1511 2861 1512 2870 ,

397 2908 541 2993 recipere
564 2909 651 2982 facit,
677 2920 710 2974 et
733 2920 892 2994 tanquam
914 2911 983 2974 alit.
1027 2910 1078 2974 At
1102 2911 1214 2994 opiata
1238 2921 1272 2976 et
1299 2931 1411 2976 eorum
1436 2911 1512 2975 affin

397 3013 529 3095 spiritus
555 3013 655 3097 plane
680 3014 806 3096 fugant,
833 3036 876 3079 ex
902 3016 1063 3098 qualitate
1088 3035 1147 3078 sua
1173 3013 1318 3098 maligna
1344 3023 1377 3079 et
1404 3015 1511 3080 inimic

398 3116 517 3198 Itaque
532 3118 558 3178 si
575 3117 783 3200 applicentur
797 3118 882 3200 parti
904 3119 1071 3194 exteriori,
1090 3119 1203 3183 statim
1222 3119 1394 3202 aufugiunt
1412 3121 1511 3203 spiriti

397 3218 440 3282 ab
470 3218 525 3282 illa
552 3231 656 3301 parte,
683 3240 743 3285 nec
769 3222 911 3305 amplius
937 3222 1077 3287 libenter
1103 3221 1261 3286 influunt:
1296 3223 1347 3288 sin
1373 3235 1510 3288 sumant*

397 3323 540 3400 interius,
570 3344 708 3405 vapores
739 3344 862 3403 eorum,
893 3327 1106 3398 ascendentes
1135 3327 1177 3390 ad
1207 3336 1316 3410 caput,
1347 3326 1480 3410 spiritus

432 3508 454 3540 ¹²
471 3509 541 3563 This
555 3511 611 3564 and
623 3510 671 3565 the
684 3521 749 3567 next
758 3513 954 3582 phenomenon
965 3515 1034 3569 both
1043 3515 1090 3569 fall
1100 3515 1189 3569 under
1198 3515 1245 3570 the
1254 3516 1368 3584 general
1377 3516 1451 3570 head
1460 3517 1492 3570 of
1498 3527 1507 3570 t

398 3597 565 3668 Deposition
577 3597 610 3652 of
620 3599 698 3652 Dew.
726 3600 782 3654 For
794 3601 951 3656 references
964 3619 999 3656 on
1013 3601 1069 3656 this
1082 3601 1198 3672 subject,
1212 3618 1260 3657 see
1272 3613 1352 3658 notes
1364 3620 1401 3658 on
1414 3605 1488 3674 Aph.
1502 3631 1509 3658 τ

397 3682 449 3751 Cp.
462 3679 522 3734 also
535 3680 621 3749 Sylva
633 3683 789 3752 Sylvarum,
802 3684 874 3754 Exp.
887 3683 928 3739 81.

432 3761 453 3794 ¹⁸
472 3763 592 3818 Baeon's
605 3765 737 3834 meaning
749 3765 803 3819 will
816 3768 851 3820 be
864 3768 947 3822 made
960 3767 1035 3836 plain
1048 3768 1086 3837 by
1095 3768 1143 3823 the
1155 3767 1295 3838 following
1302 3770 1469 3826 marvellous
1482 3789 1508 3840 ρε

397 3863 463 3916 sage
476 3845 504 3900 in
517 3847 566 3902 the
579 3847 706 3902 Historia
717 3849 806 3904 Densi
816 3861 843 3904 et
855 3850 922 3904 Rari
935 3851 979 3917 (E.
988 3851 1045 3905 and
1056 3852 1094 3917 S.,
1105 3852 1160 3905 vol.
1169 3851 1197 3905 ii.
1207 3869 1234 3922 p.
1243 3851 1306 3921 293)
1319 3869 1326 3907 :
1347 3853 1508 3910 ‘Existimat

396 3929 474 3999 origo
485 3929 604 3985 fontium
617 3940 644 3985 et
657 3946 792 4001 aquamm
806 3932 937 4000 dulcium,
950 3950 1022 4003 quae
1036 3952 1071 3989 ex
1087 3944 1161 3990 terra
1178 3934 1340 4003 scaturiunt,
1358 3936 1415 3990 fieri
1430 3954 1464 3991 ex
1480 3957 1507 3994 ar

396 4013 528 4068 concluso
541 4013 569 4067 in
588 4012 664 4068 cavis
681 4023 771 4070 terrae
790 4015 963 4084 (praesertim
981 4016 1130 4085 montium)
1147 4019 1293 4086 coagulato
1311 4029 1338 4073 et
1358 4019 1507 4076 condensat

398 4097 449 4166 Cp.
462 4094 547 4149 Arist.
562 4097 787 4166 hleteorologica,
799 4098 815 4152 i.
829 4113 860 4166 13
872 4099 910 4168 (ρ.
920 4113 972 4167 349
982 4100 1008 4154 b.
1022 4114 1061 4168 19,
1071 4099 1152 4168 ως
1174 4101 1291 4167 Seneca,
1301 4102 1369 4156 Nat.
1380 4103 1495 4171 Quaest.

397 4193 422 4248 9,
439 4193 478 4233 το.
516 4179 641 4234 Granted
654 4180 701 4234 the
714 4180 841 4237 doctrine
853 4182 884 4236 of
897 4183 944 4236 the
961 4183 1199 4254 transmutability
1211 4183 1243 4238 of
1255 4185 1302 4239 the
1319 4186 1468 4253 elements;
1487 4187 1507 4241 tl

396 4260 499 4316 absurd
512 4263 610 4330 theory
624 4279 714 4317 seems
727 4265 835 4318 natural
848 4264 968 4334 enough.

432 4341 454 4373 ¹⁴
472 4345 533 4398 The
546 4345 646 4399 reader
658 4345 711 4399 will
723 4346 782 4400 find
796 4364 873 4402 some
886 4365 953 4417 very
965 4347 1075 4403 curious
1089 4350 1214 4405 remarks
1226 4366 1264 4405 on
1281 4351 1360 4408 these
1376 4351 1498 4423 subjects

396 4423 444 4481 the
457 4425 585 4482 Historia
597 4427 679 4484 Vitae
692 4439 719 4483 et
733 4429 843 4496 Mortis,
857 4432 890 4487 E.
903 4431 960 4486 and
973 4433 1010 4499 S.,
1024 4433 1077 4487 vol.
1091 4431 1118 4488 ii.
1131 4449 1178 4504 pp.
1195 4434 1305 4501 161-71.
