3344 5152
333 401 394 478 164
771 405 1028 460 PRAEFATIO.

330 571 562 656 implicatione,
579 570 698 654 ingenii
714 571 849 635 humani
866 569 1066 647 infirmitate,
1078 591 1114 632 se
1130 578 1341 646 convertunt3
1368 569 1398 632 in
1415 568 1478 634 hoc

329 674 431 740 nihilo
454 684 566 740 tamen
590 675 815 752 modestiores
833 695 908 738 cum
933 675 1048 739 malint
1071 694 1280 738 communem
1304 673 1477 738 hominum

328 791 362 843 et
378 800 485 843 rerum
502 779 726 844 conditionem
743 779 868 843 causari
885 798 984 860 quam
1001 779 1042 841 de
1057 778 1171 859 seipsis
1187 776 1346 841 confiteri.
1388 777 1478 858 Quin

329 883 393 946 illis
409 882 472 948 hoc
484 883 551 947 fere
562 882 697 946 solenne
712 892 771 958 est,
783 895 819 946 ut
835 883 991 964 quicquid
1007 902 1059 945 ars
1075 882 1185 963 aliqua
1201 901 1266 944 non
1282 881 1426 964 attingat
1444 882 1477 943 id

328 987 437 1070 ipsum
454 1008 498 1050 ex
517 990 633 1053 eadem
653 995 724 1050 arte
745 984 949 1069 impossibile
969 1005 1041 1048 esse
1061 994 1219 1049 statuant.
1265 983 1384 1066 Neque
1398 1005 1476 1046 vero

328 1092 476 1156 damnari
493 1101 603 1175 potest
618 1112 680 1166 ars,
696 1111 798 1172 quum
815 1090 886 1172 ipsa
901 1089 1062 1172 disceptet
1078 1098 1111 1151 et
1123 1088 1260 1169 judicet.
1309 1089 1426 1169 Itaque
1443 1088 1476 1150 id

328 1196 446 1277 agitur,
473 1206 510 1258 ut
537 1195 722 1277 ignorantia
749 1194 850 1256 etiarn
877 1192 920 1255 ab
947 1193 1129 1274 ignominia
1154 1192 1316 1255 liberetur.
1361 1191 1477 1272 Atque

328 1318 414 1379 quae
434 1299 556 1362 tradita
577 1307 610 1361 et
631 1307 763 1380 recepta
784 1306 860 1360 sunt
879 1298 922 1359 ad
942 1296 1029 1359 hunc
1045 1297 1111 1360 lere
1132 1297 1267 1359 modum
1283 1317 1318 1360 se
1333 1296 1476 1360 habent:

328 1402 438 1482 quoad
449 1421 549 1482 opera
558 1401 689 1478 sterilia,
697 1401 930 1490 quaestionum
943 1400 1040 1482 plena
1052 1423 1059 1475 ;
1083 1401 1291 1463 incrementis
1303 1401 1369 1462 suis
1381 1401 1476 1463 tarda

327 1515 361 1569 et
381 1505 556 1589 languida;
580 1505 812 1588 perlectionem
836 1503 869 1567 in
892 1513 966 1568 toto
989 1504 1187 1580 simulantia,
1203 1504 1260 1567 sed
1284 1524 1343 1586 per
1365 1513 1476 1586 partes

327 1608 413 1673 male
441 1607 597 1693 impleta3
628 1608 757 1673 delectu
782 1618 894 1672 autem
919 1607 1092 1692 popularia
1116 1616 1150 1670 et
1176 1608 1371 1671 authoribus
1396 1607 1475 1691 ipsis

326 1724 487 1794 suspecta,
512 1713 652 1794 ideoque
681 1711 826 1776 artificiis
857 1711 1055 1794 quibusdam
1087 1711 1213 1775 munita
1239 1723 1271 1775 et
1299 1720 1474 1776 ostentata.

327 1820 394 1903 Qui
421 1830 533 1884 autem
558 1829 592 1882 et
615 1818 676 1902 ipsi
702 1818 845 1903 experiri
871 1827 905 1881 et
928 1837 963 1880 se
985 1818 1130 1882 scientiis
1152 1818 1275 1882 addere
1299 1839 1475 1900 earumque

326 1924 407 1988 fines
422 1923 565 2006 prolerre
579 1931 773 1999 statuerunt,
789 1941 849 1985 nec
870 1921 917 1985 illi
939 1943 958 1985 a
979 1922 1119 2004 receptis
1141 1942 1273 2005 prorsus
1294 1923 1475 1987 desciscere

326 2029 396 2093 ausi
412 2038 498 2106 sunt,
513 2046 573 2091 nec
588 2028 695 2090 sontes
711 2047 819 2090 rerum
836 2035 957 2108 petere.
1002 2025 1127 2089 Verum
1148 2047 1184 2089 se
1205 2047 1362 2108 magnum
1378 2027 1474 2109 quid·

326 2133 402 2196 dam
430 2141 653 2213 consequutus
684 2139 804 2214 putant
829 2131 856 2193 si
882 2129 1008 2211 aliquid
1035 2151 1079 2193 ex
1109 2130 1242 2213 proprio
1268 2131 1414 2194 inserant
1441 2141 1474 2194 et

325 2236 499 2317 adjiciant;
536 2237 717 2318 prudenter
753 2254 865 2298 secum
903 2244 1101 2315 reputantes
1130 2255 1166 2298 se
1199 2235 1232 2297 in
1265 2236 1473 2298 assentiendo

325 2341 532 2415 modestiam,
547 2341 578 2402 in
595 2338 780 2420 adjiciendo
795 2336 981 2402 libertatem
997 2340 1080 2402 tueri
1101 2359 1206 2421 posse.
1250 2337 1376 2402 Verum
1394 2339 1473 2401 dum

324 2444 533 2526 opinionibus
549 2454 582 2508 et
599 2443 745 2506 moribus
760 2441 950 2520 consulitur,
963 2443 1207 2506 mediocritates
1222 2442 1304 2506 istae
1320 2442 1473 2507 laudatae

324 2548 356 2610 in
372 2568 528 2629 magnum
544 2547 752 2611 scientiarum
769 2546 1002 2610 detrimentum
1019 2547 1149 2610 cedunt.
1186 2547 1255 2610 Vix
1272 2547 1358 2610 enim
1375 2547 1473 2610 datur

323 2650 478 2714 authores
489 2650 586 2714 simul
603 2662 636 2715 et
651 2652 806 2714 admirari
822 2661 856 2716 et
872 2671 1033 2734 superare.
1065 2649 1133 2715 Sed
1146 2649 1185 2714 fit
1199 2672 1359 2733 aquarum
1373 2672 1472 2729 more,

323 2775 408 2836 quae
424 2775 490 2818 non
507 2753 606 2819 altius
621 2757 801 2819 ascendunt
813 2775 913 2837 quam
929 2777 973 2818 ex
989 2775 1056 2837 quo
1068 2756 1317 2819 descenderunt.
1352 2756 1471 2838 Itaque

322 2858 511 2940 hujusmodi
526 2860 677 2924 homines
693 2860 870 2923 emendant
885 2857 1043 2922 nonnulla
1058 2861 1116 2924 sed
1133 2880 1248 2942 parum
1264 2872 1470 2943 promovent,

322 2973 355 3027 et
371 2963 547 3046 proficiunt
563 2965 594 3027 in
611 2965 728 3027 melius
743 2984 809 3026 non
826 2964 858 3026 in
875 2963 991 3044 majus.
1026 2964 1146 3044 Neque
1162 2974 1273 3027 tamen
1289 2965 1471 3041 defuerunt,

323 3068 378 3148 qui
395 3089 476 3131 ausu
494 3067 617 3150 majore
632 3068 743 3132 omnia
755 3068 882 3149 integra
897 3068 959 3130 sibi
975 3067 1153 3144 duxerunt,
1165 3078 1198 3133 et
1210 3068 1330 3150 ingenii
1344 3069 1470 3151 impetu

324 3171 382 3248 usi,
398 3173 507 3254 priora
527 3173 765 3253 prosternendo
786 3181 819 3236 et
840 3172 1050 3248 destruendo,
1066 3173 1194 3235 aditum
1212 3172 1274 3234 sibi
1292 3181 1325 3234 et
1342 3171 1471 3253 placitis

322 3275 389 3338 suis
404 3276 564 3353 lecerunt3
585 3297 725 3358 quorum
742 3274 887 3339 tumultu
903 3295 968 3338 non
985 3295 1187 3358 magnopere
1203 3276 1386 3359 profectum
1404 3286 1469 3340 est:

321 3399 423 3461 quum
444 3378 689 3462 philosophiam
706 3389 739 3443 et
754 3389 842 3443 artes
863 3399 928 3442 non
951 3399 986 3442 re
1008 3399 1047 3442 ac
1070 3401 1169 3463 opere
1184 3380 1395 3463 amplificare,
1411 3382 1469 3445 sed

321 3481 444 3566 placita
455 3492 585 3547 tanturn
598 3493 786 3566 permutare
797 3495 898 3564 atque
911 3503 1046 3566 regnum
1060 3484 1253 3566 opinionum
1265 3485 1298 3547 in
1314 3506 1349 3547 se
1364 3495 1469 3548 trans-

320 3585 404 3649 ferre
429 3587 678 3664 contenderint;
712 3588 834 3669 exiguo
863 3607 941 3650 sane
966 3586 1082 3664 fructu,
1105 3608 1207 3670 quum
1234 3589 1319 3651 inter
1346 3609 1469 3652 errores

321 3690 491 3771 oppositos
513 3691 642 3753 errandi
666 3708 783 3754 causae
806 3691 871 3752 sint
887 3690 954 3753 lere
976 3710 1174 3755 communes.
1222 3690 1258 3756 Si
1281 3693 1337 3773 qui
1355 3703 1468 3757 autem

319 3813 379 3858 nec
394 3794 510 3857 alienis
525 3815 585 3857 nec
606 3795 746 3876 propriis
767 3792 896 3876 placitis
916 3794 1064 3870 obnoxii,
1080 3796 1137 3858 sed
1153 3794 1296 3860 libertati
1312 3796 1468 3872 faventes,

319 3898 367 3961 ita
387 3898 522 3961 animati
538 3899 626 3961 luere
643 3907 679 3960 ut
695 3896 778 3961 alios
797 3919 909 3962 secum
929 3897 1027 3962 simul
1048 3920 1204 3981 quaerere
1222 3911 1399 3983 cuperent3
1422 3901 1467 3965 illi

320 4022 399 4066 sane
421 4002 539 4066 affectu
562 4001 702 4078 honesti,
719 4003 777 4066 sed
800 4013 921 4067 conatu
944 4002 1077 4067 invalidi
1091 4003 1230 4068 fuerunt.
1275 4004 1469 4068 Probabiles

319 4106 408 4168 enim
430 4116 561 4170 tanturn
585 4106 730 4169 rationes
754 4107 855 4169 secuti
875 4107 1036 4184 videntur,
1055 4117 1088 4171 et
1111 4119 1381 4192 argumentorum
1397 4130 1469 4172 ver-

318 4208 421 4292 tigine
436 4210 709 4292 circumaguntur,
721 4219 755 4274 et
771 4211 957 4292 promiscua
971 4213 1150 4293 quaerendi
1166 4212 1297 4277 licentia
1312 4214 1467 4278 severita-

227 4321 233 4334 '
318 4323 387 4377 tem
409 4313 625 4396 inquisitionis
648 4324 852 4378 enervarunt.
898 4315 1008 4378 Nemo
1031 4327 1143 4380 autem
1168 4318 1337 4398 reperitur,
1354 4319 1410 4399 qui
1434 4318 1466 4380 in

318 4416 415 4480 rebus
438 4417 517 4499 ipsis
540 4427 573 4481 et
596 4419 801 4500 experientia
824 4439 950 4483 moram
974 4420 1087 4485 lecerit
1114 4420 1305 4504 legitimam.
1351 4421 1467 4504 Atque

319 4519 464 4583 nonnulli
490 4541 598 4585 rursus
620 4523 677 4604 qui
702 4522 923 4605 experientiae
947 4525 1043 4589 undis
1064 4545 1099 4587 se
1122 4525 1317 4590 commisere
1340 4537 1373 4589 et
1396 4527 1464 4590 lere
