3344 5152
649 351 906 410 PRAEFATIO.
1293 347 1353 429 165

197 517 383 584 mechanici
414 519 490 584 facti
527 529 612 595 sunt,
638 527 751 584 tamen
781 519 814 582 in
844 520 913 601 ipsa
944 519 1148 603 experientia
1179 516 1350 582 erraticam

196 623 371 704 quandam
397 622 642 705 inquisitionem
669 635 832 700 exercent,
855 645 913 688 nec
936 625 966 688 ei
990 635 1079 688 certa
1102 624 1174 706 lege
1198 623 1350 687 militant.

198 725 293 807 Quin
316 737 350 790 et
370 725 516 810 plerique
537 725 654 811 pusilla
674 728 837 811 quaedam
859 749 961 811 pensa
981 728 1043 792 sibi
1065 749 1271 810 proposuere,
1290 748 1350 810 pro

199 851 327 912 magno
351 833 509 895 ducentes
532 831 559 894 si
583 853 685 895 unum
713 831 846 914 aliquod
873 833 1040 895 inventurn
1065 852 1178 896 eruere
1204 832 1350 914 possint3

198 933 354 998 instituto
378 954 444 998 non
469 935 578 998 minus
600 935 700 1013 tenui,
721 955 822 1016 quam
847 936 1010 1018 imperito
1057 935 1166 999 Nemo
1190 936 1279 997 enim
1304 935 1350 998 rei

198 1037 339 1119 alicujus
361 1047 511 1101 naturam
532 1039 564 1101 in
586 1039 657 1123 ipsa
681 1060 715 1103 re
737 1050 825 1103 recte
847 1050 905 1104 aut
926 1039 1084 1103 foeliciter
1106 1048 1349 1121 perscrutatur;

197 1161 316 1204 verum
339 1153 415 1224 post
436 1143 632 1206 laboriosam
648 1143 953 1225 experimentorum
968 1144 1184 1207 variationem
1208 1163 1273 1207 non
1296 1163 1349 1206 ac-

198 1246 349 1327 quiescit,
380 1248 438 1310 sed
474 1248 597 1311 invenit
634 1248 724 1329 quod
759 1247 894 1312 ulterius
929 1259 1075 1330 quaerat.
1120 1248 1239 1329 Neque
1270 1246 1350 1311 illud

200 1351 362 1433 imprimis
383 1352 605 1415 omittendum
621 1361 682 1430 est,
696 1353 787 1435 quod
802 1352 909 1415 omnis
925 1353 957 1415 in
973 1351 1175 1435 experiendo
1190 1351 1350 1413 industria

199 1455 314 1517 statim
345 1453 388 1517 ab
418 1455 510 1518 initio
543 1476 643 1538 opera
676 1457 841 1537 quaedam
872 1457 1036 1520 destinata
1065 1474 1287 1538 praepropero
1315 1464 1349 1518 et

199 1559 432 1640 intempestivo
448 1560 558 1623 studio
573 1561 738 1644 captavit3
760 1559 924 1625 fructifera
941 1557 1100 1646 (inquam)
1113 1550 1349 1641 experimenta,

199 1681 267 1724 non
287 1661 429 1734 lucifera,
445 1664 626 1744 quaesivit3
651 1685 709 1729 nec
731 1665 880 1728 ordinem
902 1664 1049 1727 divinum
1068 1664 1197 1726 imitata
1218 1672 1277 1740 est,
1292 1662 1348 1744 qui

200 1766 309 1849 primo
332 1766 385 1829 die
409 1767 514 1831 lucem
538 1776 668 1830 tantum
691 1769 821 1841 creavit,
838 1769 932 1850 eique
953 1788 1054 1832 unum
1075 1768 1162 1830 diem
1184 1768 1348 1848 integrum

200 1869 351 1932 attribuit
361 1893 370 1944 ;
395 1890 502 1952 neque
517 1869 574 1935 illo
593 1871 647 1934 die
666 1873 843 1953 quicquam
865 1872 1029 1936 materiati
1051 1871 1159 1952 operis
1179 1870 1348 1952 produxit,

198 1993 313 2036 verum
329 1975 541 2056 sequentibus
559 1974 675 2039 diebus
695 1977 738 2039 ad
761 1997 800 2038 ea
824 1977 1002 2040 descendit.
1049 1974 1098 2038 At
1121 1975 1177 2056 qui
1200 1993 1348 2037 summas

200 2077 392 2142 dialecticae
421 2088 531 2160 partes
561 2079 754 2152 tribuerunt,
781 2091 881 2161 atque
911 2080 989 2143 inde
1019 2078 1176 2141 fidissima
1205 2077 1348 2141 scientiis

199 2182 362 2264 praesidia
389 2183 570 2266 comparari
602 2192 769 2266 putarunt,
792 2183 958 2246 verissime
985 2191 1018 2247 et
1044 2183 1170 2265 optime
1195 2182 1346 2244 viderunt

199 2285 402 2350 intellectum
423 2286 603 2350 humanum
627 2287 688 2350 sibi
712 2287 908 2370 permissum
932 2286 1047 2349 merito
1068 2295 1257 2368 suspectum
1276 2305 1347 2348 esse

199 2389 329 2453 debere·
373 2390 497 2453 Verum
526 2389 685 2453 infirmior
714 2391 847 2455 omnino
873 2401 923 2454 est
951 2390 1038 2455 malo
1070 2389 1252 2467 medicina3
1287 2407 1347 2452 nec

199 2493 271 2576 ipsa
287 2493 364 2556 mali
381 2515 510 2576 expers.
557 2493 729 2576 Siquidem
749 2494 921 2559 dialectica
942 2515 1027 2576 quae
1047 2503 1180 2574 recepta
1195 2503 1253 2570 est,
1269 2490 1346 2556 licet

199 2597 242 2660 ad
261 2597 368 2661 civilia
387 2605 421 2662 et
444 2607 531 2661 artes
550 2618 635 2679 quae
657 2598 690 2660 in
713 2618 864 2662 sermone
886 2607 921 2662 et
943 2597 1098 2680 opinione
1120 2597 1247 2680 positae
1269 2605 1346 2658 sunt

200 2701 380 2765 rectissime
403 2701 608 2777 adhibeatur,
631 2710 768 2766 naturae
792 2712 903 2766 tamen
930 2700 1148 2766 subtilitatem
1172 2700 1273 2782 longo
1297 2700 1345 2761 in·

198 2805 334 2868 tervallo
350 2825 415 2867 non
430 2805 582 2889 attingit;
607 2816 641 2871 et
662 2807 848 2889 prensando
863 2807 952 2888 quod
968 2825 1032 2868 non
1049 2804 1147 2887 capit,
1162 2805 1206 2867 ad
1221 2823 1345 2866 errores

198 2910 310 2989 potius
334 2909 548 2974 stabiliendos
571 2920 603 2974 et
625 2911 719 2992 quasi
743 2909 893 2993 figendos
916 2930 1016 2992 quarn
1040 2909 1083 2972 ad
1105 2909 1193 2971 viam
1215 2907 1345 2971 veritati

198 3012 407 3096 aperiendam
422 3013 534 3078 valuit.

242 3115 361 3198 Quare,
386 3126 422 3180 ut
445 3137 530 3199 quae
553 3117 740 3182 dictasunt
763 3115 1029 3202 complectamur,
1047 3139 1113 3181 non
1133 3116 1263 3180 videtur
1285 3116 1344 3179 ho·

199 3220 339 3285 minibus
362 3230 420 3284 aut
438 3220 544 3284 aliena
563 3221 645 3285 fides
667 3232 724 3285 aut
748 3221 908 3286 industria
932 3223 1064 3306 propria
1086 3223 1171 3286 circa
1194 3221 1345 3285 scientias

197 3322 354 3389 hactenus
371 3324 528 3388 foeliciter
540 3324 708 3402 illuxisse;
727 3327 918 3408 praesertim
931 3346 1032 3409 quum
1045 3337 1078 3390 et
1094 3325 1127 3388 in
1139 3327 1344 3389 demonstra-

196 3428 342 3491 tionibus
358 3438 391 3492 et
408 3429 440 3490 in
456 3427 694 3512 experimentis
710 3427 818 3493 adhuc
834 3429 974 3512 cognitis
990 3449 1105 3513 parurn
1121 3429 1165 3491 sit
1180 3427 1343 3510 praesidii.

196 3531 398 3596 Aedificium
428 3541 538 3596 autem
569 3531 666 3613 hujus
695 3533 846 3608 universi,
873 3543 1037 3596 structura
1067 3551 1134 3606 sua,
1166 3530 1345 3594 intellectui

196 3635 341 3701 humano
359 3636 607 3719 contemplanti,
627 3637 729 3699 instar
747 3637 927 3718 labyrinthi
951 3647 1019 3714 est3
1044 3635 1100 3698 ubi
1120 3645 1172 3699 tot
1187 3636 1345 3717 ambigua

194 3741 330 3815 viarum,
356 3749 425 3804 tam
452 3738 586 3803 fallaces
612 3760 719 3803 rerum
750 3748 783 3803 et
808 3741 977 3822 signorum
1008 3739 1249 3817 similitudines,
1273 3748 1344 3802 tam

194 3845 351 3926 obliquae
365 3854 398 3908 et
414 3843 582 3927 implexae
597 3853 787 3908 naturarum
803 3845 911 3925 spirae
926 3853 959 3907 et
975 3838 1063 3916 nodi,
1076 3843 1296 3924 undequaque
1306 3863 1343 3905 se

193 3949 381 4012 ostendunt.
428 3948 496 4012 Iter
517 3957 628 4012 autem
650 3949 712 4011 sub
735 3947 859 4012 incerto
881 3967 997 4011 sensus
1024 3947 1155 4020 lumine,
1178 3946 1342 4008 interdum

192 4050 380 4135 affulgente,
405 4053 568 4115 interdum
592 4073 627 4115 se
649 4052 820 4130 condente,
843 4073 902 4136 per
927 4051 1149 4136 experientiae
1175 4060 1209 4114 et
1235 4069 1341 4113 rerum

193 4155 438 4241 particularium
468 4157 579 4238 sylvas
611 4167 769 4240 perpetuo
801 4156 985 4220 faciendum
1015 4165 1074 4220 est.
1120 4153 1211 4237 Quin
1240 4154 1343 4216 etiam

194 4262 295 4325 duces
315 4260 438 4324 itineris
453 4256 504 4344 (ut
519 4261 643 4325 dictum
660 4257 724 4344 est)
739 4259 795 4342 qui
814 4280 850 4323 se
868 4259 1018 4336 offerunt,
1033 4267 1067 4322 et
1088 4258 1151 4342 ipsi
1172 4256 1343 4340 implican-

193 4377 257 4443 tur,
272 4375 374 4448 atque
389 4385 535 4429 errorum
556 4375 589 4429 et
609 4365 787 4429 errantium
810 4384 982 4428 numerum
1005 4373 1136 4446 augent.
1183 4361 1222 4424 In
1246 4360 1342 4424 rebus

193 4479 263 4536 tarn
287 4471 387 4550 duris,
409 4471 452 4534 de
471 4468 597 4553 judicio
617 4467 789 4532 hominurn
809 4489 853 4533 ex
876 4467 907 4531 vi
932 4467 1074 4553 propria,
1097 4465 1276 4532 autetiam
1300 4466 1342 4528 de
