3250 5138
654 406 736 461 ΠΒ.
759 405 803 463 ΙΙ.
825 410 878 480 50.
1277 408 1336 477 571

187 569 414 636 admotionem
446 580 480 635 et
509 571 714 636 amotionem
724 572 750 610 ⁹⁰
780 592 954 655 corporum
984 567 1183 654 simplicem)
1212 576 1340 652 septem

186 677 364 760 praecipue
395 675 519 741 modis:
550 697 678 760 nempe,
703 677 755 740 vel
782 697 840 760 per
867 676 1091 741 exclusionem
1118 693 1342 755 eorumquae

187 781 374 864 impediunt
396 791 429 844 et
450 781 656 858 disturbant3
680 778 732 844 vel
753 801 813 864 per
833 781 1102 863 compressiones,
1120 777 1340 852 extensiones,

186 882 392 966 agitationes,
411 893 445 948 et
464 883 674 965 hujusmodi3
696 883 748 946 vel
771 904 830 966 per
849 883 992 947 calorem
1014 893 1047 946 et
1068 883 1187 964 lrigus3
1210 879 1262 944 vel
1282 899 1342 964 per

188 1007 315 1050 moram
347 988 380 1050 in
411 988 484 1052 loco
518 988 745 1063 convenienti;
781 986 833 1050 vel
863 1008 922 1069 per
952 987 1099 1050 fraenum
1130 996 1164 1049 et
1194 984 1340 1066 regimen

188 1100 319 1167 motus3
350 1090 403 1156 vel
430 1113 488 1176 per
515 1111 692 1156 consensus
719 1092 898 1176 speciales;
927 1089 979 1154 vel
1006 1111 1063 1174 per
1087 1090 1340 1154 alternationem

187 1195 421 1278 tempestivam
437 1206 470 1258 et
485 1196 644 1272 debitam,
659 1206 760 1278 atque
781 1196 897 1260 seriem
914 1206 949 1259 et
964 1196 1202 1260 successionem
1221 1192 1338 1257 homm

187 1300 336 1363 omnium
352 1308 409 1364 aut
424 1299 543 1364 saltem
560 1300 790 1363 nonnullorum
807 1320 851 1363 ex
868 1299 940 1362 illis.

230 1399 280 1488 (1)
302 1402 362 1466 Ad
392 1403 535 1486 primum
567 1403 666 1486 igitur
693 1405 784 1486 quod
814 1402 953 1480 attinet;
990 1409 1046 1466 aer
1070 1399 1253 1466 communis
1283 1399 1339 1482 qui

187 1506 333 1590 undique
363 1518 496 1590 praesto
529 1517 580 1571 est
609 1516 641 1571 et
671 1528 706 1571 se
740 1508 867 1590 ingerit,
896 1516 996 1589 atque
1027 1507 1106 1570 radii
1136 1504 1339 1581 coelestium,

189 1612 329 1675 multum
363 1612 508 1676 turbant.
562 1611 658 1693 Quae
693 1612 805 1692 itaque
837 1611 880 1676 ad
915 1610 1044 1675 illorum
1079 1609 1303 1674 exclusionem
1313 1605 1339 1644 ⁹¹

188 1713 321 1788 iaciunt,
349 1715 468 1780 merito
496 1714 610 1779 haberi
639 1717 766 1798 possint
793 1735 853 1798 pro
872 1714 1091 1797 polychrestis.
1138 1714 1216 1777 Huc
1241 1713 1340 1794 igitur

188 1819 353 1900 pertinent
380 1820 534 1884 materies
563 1830 597 1882 et
621 1821 785 1884 crassities
810 1840 974 1893 vasorum,
998 1819 1030 1882 in
1054 1819 1173 1902 quibus
1202 1837 1339 1900 corpora

187 1924 230 1986 ad
272 1923 498 2005 operationem
540 1934 734 2006 praeparata
776 1935 987 2006 reponuntur.
1044 1922 1210 2000 Similiter,
1248 1921 1338 1985 modi

187 2027 332 2090 accurati
354 2027 572 2091 obturationis
592 2047 756 2100 vasorum,
779 2048 838 2109 per
859 2026 1156 2092 consolidationem
1179 2037 1212 2090 et
1233 2025 1338 2088 lutum

187 2131 362 2211 saptentiae
371 2129 408 2206 ⁰²,
443 2142 480 2195 ut
517 2131 697 2213 loquuntur
732 2131 884 2214 chymici.
939 2131 1051 2196 Etiam
1093 2131 1243 2194 clausura
1280 2149 1339 2212 per

187 2233 331 2316 liquores
361 2235 394 2298 in
424 2236 569 2312 extimis,
595 2236 768 2300 utilissima
800 2255 851 2298 res
882 2247 952 2314 est;
990 2246 1027 2299 ut
1057 2255 1132 2299 cum
1164 2233 1338 2297 infundunt

187 2337 296 2402 oleum
319 2360 419 2423 super
436 2341 549 2402 vinum
573 2349 630 2402 aut
649 2359 764 2405 succos
787 2339 972 2417 herbarum,
994 2340 1094 2422 quod,
1114 2338 1337 2420 expandendo

187 2463 222 2506 se
245 2443 277 2506 in
300 2444 491 2507 summitate
515 2445 618 2507 instar
640 2445 793 2526 operculi,
816 2445 943 2527 optime
969 2465 1008 2508 ea
1030 2452 1202 2508 conservat
1224 2441 1337 2506 illaesa

187 2547 231 2610 ab
243 2553 325 2610 aere.
369 2548 487 2629 Neque
503 2547 653 2631 pulveres
669 2569 720 2612 res
737 2549 843 2612 malae
858 2558 954 2626 sunt;
976 2549 1040 2632 qui,
1054 2548 1130 2612 lieet
1147 2546 1337 2611 contineant

187 2657 297 2714 aerem
324 2653 564 2734 permistum⁹³,
587 2663 699 2716 tamen
724 2655 791 2716 vim
822 2655 906 2717 a'e'ris
932 2653 1115 2716 coacervati
1140 2661 1173 2715 et
1198 2650 1337 2714 circum·

188 2755 249 2818 iusi
269 2764 400 2820 arcent:
429 2766 465 2820 ut
484 2755 521 2820 fit
540 2757 573 2819 in
592 2759 840 2821 conservatione
860 2777 996 2822 uvarum
1018 2766 1052 2820 et
1070 2756 1234 2820 fructuum
1253 2756 1337 2817 intra

187 2879 329 2936 arenam,
338 2869 372 2923 et
383 2858 531 2924 farinam.
562 2859 673 2924 Etiam
687 2881 769 2938 cera,
783 2861 857 2938 mel,
870 2861 938 2944 pix,
951 2871 984 2924 et
996 2859 1186 2941 hujusmodi
1198 2857 1337 2933 tenacia,

187 2971 275 3027 recte
290 2963 499 3028 obducuntur
509 2964 552 3027 ad
568 2965 752 3028 clausuram
770 2966 1006 3048 perfectiorem,
1016 2974 1049 3027 et
1065 2965 1107 3027 ad
1124 2980 1335 3025 summoven-

186 3067 267 3130 dum
283 3073 393 3131 aerem
409 3078 442 3131 et
454 3068 619 3133 coelestia.
656 3069 770 3133 Etiam
786 3089 847 3132 nos
861 3069 1125 3152 experimentum
1137 3066 1337 3149 quandoque

223 3271 245 3303 '⁰
264 3275 315 3343 Cp.
329 3273 346 3327 i.
357 3288 382 3340 4.

222 3353 243 3387 ⁸¹
262 3356 324 3411 The
348 3356 510 3428 Air-Pump,
536 3357 669 3416 invented
693 3362 778 3415 about
807 3361 875 3429 1654
899 3361 937 3430 by
962 3361 1031 3414 Otto
1061 3376 1116 3414 von
1142 3357 1280 3414 Guericke
1309 3357 1340 3412 of

189 3440 367 3509 hlagdeburg
383 3443 439 3496 and
455 3444 656 3514 subsequently
674 3461 706 3500 so
722 3444 805 3499 much
824 3443 968 3514 improved
986 3443 1023 3513 by
1041 3444 1137 3513 Boyle,
1156 3441 1245 3498 would
1263 3441 1335 3496 have

187 3525 295 3593 exactly
306 3534 363 3579 met
382 3526 502 3580 Bacon's
519 3527 730 3597 requirements,
744 3545 775 3582 so
792 3528 835 3582 sar
847 3545 880 3582 as
896 3527 939 3582 air
955 3527 978 3582 is
996 3527 1162 3582 concerned.
1211 3525 1295 3596 Light
1312 3523 1336 3578 is

185 3607 322 3663 excluded
334 3608 398 3662 with
412 3609 600 3679 comparative
613 3628 686 3666 ease.

222 3689 244 3721 '²
261 3692 369 3744 Lutum
382 3694 538 3762 sapientiae
549 3711 580 3748 or
586 3695 821 3765 philosophorum
832 3713 888 3749 was
901 3711 919 3749 a
929 3695 1124 3765 composition,
1134 3693 1283 3763 employed
1292 3693 1336 3746 for

186 3775 234 3829 the
244 3791 363 3845 purpose
371 3775 402 3830 ol
409 3776 517 3846 sealing
525 3777 714 3847 hennetically
722 3779 769 3833 the
779 3779 888 3834 orifices
897 3779 929 3832 os
934 3778 1048 3833 vessels.
1081 3777 1160 3846 Pliny
1169 3779 1249 3846 (Nat.
1260 3776 1335 3830 Hist.

186 3857 255 3912 sorix.
275 3873 291 3926 3
311 3856 377 3926 (ιι),
397 3869 463 3914 sect.
485 3861 528 3930 51)
548 3862 627 3929 gives
645 3879 662 3916 a
681 3863 759 3917 short
778 3863 869 3933 recipe
888 3862 931 3916 lor
949 3861 1061 3931 piecing
1080 3860 1206 3930 together
1227 3860 1335 3914 broken

184 3941 338 4010 fragments
350 3943 382 3997 of
390 3943 484 4010 glass:
508 3945 568 4012 ‘Et‚
583 3963 618 4000 ne
635 3945 703 4016 quid
720 3944 792 4000 desit
810 3961 926 4000 ovomm
942 3943 1055 4014 gratiae,
1069 3943 1221 3997 candidum
1238 3959 1271 3996 ex
1289 3941 1334 3996 his

185 4025 340 4080 admixtum
350 4027 419 4080 calci
431 4027 510 4082 vivae
520 4028 637 4098 glutinat
648 4028 710 4083 vitri
721 4027 895 4097 fragmenta!
926 4029 1057 4082 Albertus
1070 4029 1191 4095 Magnus
1202 4025 1335 4095 (referred

185 4119 215 4162 to
228 4109 266 4178 by
279 4110 394 4176 Hoefer,
409 4111 534 4166 Histoire
548 4113 582 4168 de
596 4113 623 4166 la
642 4111 760 4179 Chimie,
774 4123 849 4167 tome
867 4110 884 4165 i.
897 4129 924 4181 p.
938 4111 1000 4180 388)
1014 4120 1189 4164 enumerates
1206 4109 1334 4164 different

184 4192 270 4246 kinds
283 4192 315 4246 of
325 4193 429 4262 ‘lutes,’
443 4195 561 4265 varying
573 4193 646 4250 their
660 4195 845 4265 composition
861 4193 1013 4264 according
1029 4204 1058 4248 to
1075 4194 1124 4248 the
1141 4193 1289 4248 difference
1306 4193 1339 4246 ol

185 4285 380 4345 temperatura.

221 4355 242 4390 ⁰³
262 4361 339 4414 Here
358 4377 399 4414 we
418 4361 491 4416 have
510 4362 558 4416 the
577 4378 655 4416 same
673 4361 834 4417 distinction
852 4379 885 4416 as
904 4363 965 4417 that
984 4361 1110 4416 between
1130 4361 1177 4416 the
1198 4359 1334 4414 ‘vacuum

185 4443 365 4513 permistum’
378 4444 435 4498 and
449 4445 497 4500 the
510 4445 644 4500 ‘vacuum
657 4445 867 4501 coacervatum'
881 4445 908 4500 in
922 4446 970 4500 the
984 4445 1154 4515 concluding
1164 4444 1290 4500 remarks
1306 4444 1338 4498 ol

184 4526 211 4582 ii.
224 4528 267 4594 48.
306 4529 340 4582 ln
353 4528 401 4583 the
412 4539 525 4598 present
539 4545 666 4600 passage,
679 4530 726 4584 the
739 4529 869 4598 meaning
882 4528 905 4584 is
918 4529 1045 4585 obvious.
