3342 5152
311 399 374 486 348
690 408 846 465 NOVUM
866 409 1084 468 ORGANUM.

312 573 421 655 qualia
437 591 497 636 nec
513 581 649 637 naturae
664 573 914 650 vicissitudines,
934 594 1042 658 neque
1058 572 1335 657 experimentales
1351 571 1464 638 indus·

310 679 402 754 triae,
418 697 526 760 neque
541 697 636 740 casus
656 677 734 760 ipse,
750 678 783 741 in
801 688 913 742 actum
934 698 1080 762 unquam
1100 678 1342 761 perduxissent,
1358 698 1464 762 neque

311 781 546 864 cogitationem
569 779 748 846 humanam
771 783 918 847 subitura
941 783 1087 856 luissent,
1105 783 1259 866 detegere
1282 791 1317 846 et
1339 783 1463 866 produ-

310 905 384 949 cere
398 894 518 967 potest.
564 883 677 968 Quare
692 905 736 948 ex
752 885 932 950 formarum
948 888 1138 952 inventione
1153 887 1303 970 sequitur
1316 895 1464 952 contem·

312 988 417 1073 platio
431 1009 516 1063 vera,
533 997 567 1053 et
583 989 732 1070 operatio
749 989 852 1054 libera
862 987 898 1054 ²¹.

862 1161 921 1226 IV.

355 1278 450 1344 Licet
465 1279 539 1345 viae
553 1281 596 1344 ad
612 1281 797 1364 potentiam
814 1289 916 1365 atque
935 1283 977 1347 ad
999 1282 1170 1348 scientiam
1188 1281 1368 1346 humanam
1384 1297 1462 1344 con·

308 1383 536 1466 junctissimae
561 1385 627 1450 sint
650 1394 686 1449 et
707 1386 774 1450 lere
796 1388 942 1466 eaedem,
957 1397 1070 1452 tamen
1092 1396 1229 1470 propter
1248 1384 1463 1468 perniciosam

311 1497 346 1552 et
372 1489 589 1553 inveteratam
615 1491 888 1555 consuetudinem
914 1491 1067 1555 versandi
1096 1490 1129 1555 in
1151 1489 1334 1563 abstractis,
1359 1486 1464 1552 tutius

312 1593 449 1657 omnino
465 1602 516 1657 est
530 1595 629 1658 ordiri
646 1604 680 1658 et
695 1596 842 1661 excitare
857 1594 1010 1659 scientias
1030 1596 1074 1659 ab
1090 1595 1128 1658 iis
1144 1591 1364 1658 fundamentis
1379 1610 1465 1674 quae

312 1697 346 1759 in
369 1698 485 1761 ordine
505 1708 583 1762 sunt
605 1698 647 1762 ad
670 1709 800 1782 partem
821 1700 975 1778 activam,
990 1708 1091 1781 atque
1113 1706 1150 1762 ut
1168 1697 1224 1761 illa
1245 1697 1315 1779 ipsa
1334 1704 1465 1780 partem

313 1801 604 1884 contemplativam
626 1804 735 1887 signet
756 1813 790 1867 et
805 1802 1013 1867 determinet.
1057 1802 1248 1867 Videndum
1270 1799 1381 1882 itaque
1404 1807 1465 1876 est,

313 1906 355 1968 ad
371 1904 516 1988 aliquam
529 1916 681 1970 naturam
697 1927 796 1990 super
806 1928 924 1990 corpus
932 1909 1050 1972 datum
1066 1906 1287 1988 generandam
1303 1913 1337 1969 et
1352 1922 1464 1987 super-

313 2009 541 2088 inducendam,
565 2011 664 2092 quale
690 2013 763 2094 quis
788 2022 1002 2096 praeceptum
1028 2021 1085 2076 aut
1108 2009 1240 2093 qualem
1262 2009 1336 2092 quis
1357 2008 1463 2072 direc-

313 2113 439 2178 tionem
467 2122 525 2178 aut
551 2113 784 2180 deductionem
818 2117 965 2180 maxime
995 2124 1147 2199 optaret3
1185 2114 1284 2196 idque
1313 2131 1464 2176 sermone

312 2215 452 2301 simplici
468 2227 501 2281 et
518 2217 652 2284 minime
666 2221 829 2285 abstruso.

358 2321 516 2405 Exempli
531 2325 658 2404 gratia3
682 2326 709 2388 si
719 2325 791 2408 quis
806 2334 946 2409 argento
958 2324 1068 2406 cupiat
1080 2321 1330 2405 superinducere
1342 2319 1464 2385 flavum

314 2425 460 2490 colorem
474 2429 544 2492 auri
559 2438 617 2493 aut
638 2439 853 2511 augmentum
870 2429 1025 2512 ponderis
1040 2427 1191 2513 (servatis
1211 2425 1340 2508 legibus
1361 2431 1465 2487 mate·

314 2531 382 2593 riae
391 2527 440 2618 22),
465 2542 523 2595 aut
549 2531 652 2616 lapidi
678 2531 774 2597 alicui
803 2552 871 2596 non
897 2531 1063 2615 diaphano
1089 2529 1380 2614 diaphaneitatem,
1406 2533 1465 2591 aut

279 2699 284 2712 ,
306 2633 400 2697 ‘vitro
424 2635 646 2712 tenacitatem,
661 2645 720 2700 aut
739 2637 867 2720 corpori
887 2635 984 2701 alicui
1006 2655 1072 2714 non
1088 2634 1267 2718 vegetabili
1281 2631 1464 2716 vegetatio-

315 2757 410 2816 nem;
444 2738 624 2803 videndum
652 2735 814 2826 (inquam)
844 2749 904 2814 est,
933 2739 1033 2826 quale
1062 2740 1136 2822 quis
1163 2746 1375 2821 praeceptum
1406 2743 1463 2799 aut

314 2841 547 2906 deductionem
577 2843 786 2926 potissimum
811 2844 874 2907 sibi
905 2845 977 2909 dari
1007 2853 1155 2926 exoptet.
1200 2841 1316 2924 Atque
1345 2839 1464 2923 primo,

313 2947 491 3028 exoptabit
503 2946 620 3029 aliquis
635 2948 852 3030 proculdubio
867 2949 929 3013 sibi
946 2947 1120 3012 monstrari
1132 2945 1253 3028 aliquid
1267 2942 1464 3026 hujusmodi,

315 3050 405 3131 quod
420 3069 519 3131 opere
539 3071 606 3115 non
627 3051 759 3117 frustrer
779 3073 887 3135 neque
905 3053 1136 3134 experimento
1152 3049 1252 3113 sallat
1299 3047 1465 3123 Secundo,

314 3152 488 3234 exoptabit
503 3154 576 3236 quis
591 3155 715 3238 aliquid
731 3155 794 3220 sibi
810 3157 995 3240 praescribi,
1005 3155 1094 3238 quod
1104 3157 1212 3237 ipsum
1227 3173 1293 3217 non
1305 3152 1465 3234 astringat
1559 3211 1561 3216 .

315 3266 349 3320 et
371 3267 520 3322 coerceat
543 3260 585 3322 ad
608 3261 718 3323 media
740 3261 905 3342 quaedam
928 3270 962 3324 et
985 3259 1103 3322 modos
1124 3258 1288 3341 quosdam
1308 3253 1465 3339 operandi

315 3358 536 3442 particulares.
581 3361 736 3427 Fortasse
757 3363 846 3427 enim
865 3363 1074 3439 destituetur,
1091 3381 1150 3426 nec
1170 3360 1307 3426 habebit
1327 3358 1465 3425 faculta-

315 3474 383 3528 tem
400 3474 434 3529 et
449 3467 721 3531 commoditatem
742 3466 823 3531 talia
844 3468 952 3531 media
972 3465 1184 3548 comparandi
1204 3475 1238 3529 et
1259 3463 1464 3547 procurandi.

316 3567 417 3650 Quod
433 3568 459 3631 si
475 3569 541 3632 sint
557 3580 590 3633 et
605 3569 669 3634 alia
685 3571 795 3635 media
811 3579 844 3635 et
865 3570 920 3634 alii
942 3571 1033 3633 modi
1048 3568 1193 3654 (praeter
1207 3569 1288 3632 illud
1308 3587 1464 3651 praecep·

315 3667 400 3755 tum)
415 3673 664 3756 progignendae
679 3674 755 3740 talis
771 3685 917 3750 naturae,
932 3695 972 3737 ea
986 3673 1125 3737 fortasse
1144 3693 1188 3736 ex
1209 3673 1249 3735 iis
1269 3680 1366 3736 erunt
1381 3690 1466 3754 quae

315 3784 391 3838 sunt
408 3776 440 3839 in
457 3777 626 3858 operantis
646 3787 832 3860 potestate;
855 3798 874 3841 a
895 3778 1015 3860 quibus
1036 3777 1248 3840 nihilominus
1266 3796 1325 3859 per
1343 3795 1465 3860 angus·

315 3949 387 4004 duce
402 3949 525 4018 changes
543 3948 571 4003 in
584 3949 670 4016 them,
683 3967 716 4004 or
727 3950 782 4004 like
798 3949 974 4016 substances,
986 3951 1036 4004 but
1050 3950 1120 4018 who,
1132 3959 1181 4004 not
1196 3949 1282 4020 being
1299 3947 1466 4018 acquainted

315 4031 381 4087 with
395 4033 442 4086 the
458 4033 536 4087 Laws
552 4032 584 4086 of
600 4032 716 4101 Nature,
729 4043 832 4088 cannot
844 4032 948 4088 extend
960 4032 1004 4087 his
1018 4033 1178 4103 operatione
1193 4032 1306 4103 beyond
1318 4032 1367 4087 the
1379 4047 1466 4101 range

314 4115 347 4169 of
356 4114 399 4170 bis
411 4115 582 4185 experience.

311 4275 315 4284 Ι
350 4195 370 4226 ²¹
390 4199 465 4252 That
478 4197 510 4266 is,
524 4197 709 4255 unrestricted
725 4210 755 4255 to
772 4198 828 4255 this
845 4217 877 4254 or
892 4200 953 4255 that
966 4199 1183 4271 object-matter.
1220 4201 1272 4270 Cp.
1284 4197 1368 4269 again
1382 4200 1434 4254 Bk.
1448 4197 1466 4252 i.

351 4359 373 4393 ²²
390 4365 447 4418 Are
464 4373 512 4418 not
530 4363 609 4419 these
624 4365 715 4420 words
732 4364 854 4422 inserted
872 4367 900 4422 in
917 4367 1000 4422 order
1016 4377 1045 4422 to
1064 4367 1191 4422 intimate
1207 4367 1269 4422 that
1287 4366 1335 4422 the
1352 4381 1466 4438 process

316 4456 389 4500 must
402 4447 438 4500 be
451 4448 588 4516 regarded
601 4467 633 4504 as
645 4450 742 4520 purely
754 4450 888 4520 physical,
900 4452 957 4505 and
970 4461 999 4506 to
1011 4451 1125 4506 exclude
1138 4449 1338 4521 superstitious
1352 4447 1467 4518 Magis?

317 4530 370 4586 Mr.
383 4528 453 4583 Ellis
465 4529 607 4601 explains:
629 4532 722 4589 ‘That
735 4533 767 4602 is,
778 4533 843 4589 with
856 4551 874 4588 a
887 4534 1106 4605 corresponding
1118 4535 1250 4590 decrease
1261 4534 1294 4589 ol
1302 4532 1431 4589 volume-⁹
