3358 5152
279 355 345 441 318
660 359 817 416 NOVUM
838 358 1056 416 ORGANUM.

281 539 331 594 est
346 527 442 594 nobis
457 526 527 610 spei
542 525 673 590 abunde
694 525 837 600 subesse,
853 543 919 588 non
939 531 1069 588 tanturn
1090 521 1216 586 homini
1234 531 1370 588 strenuo
1390 519 1434 587 ari

281 632 528 718 experiendum,
544 630 601 694 sed
618 629 718 694 etiam
734 627 890 712 prudenti
906 637 940 692 et
955 626 1065 692 sobrio
1081 627 1124 690 ad
1141 627 1349 692 credendum.

810 841 915 908 CXV.

326 1020 442 1102 Atque
457 1017 499 1082 de
514 1015 743 1100 desperatione
763 1014 920 1093 tollenda,
935 1035 1020 1098 quae
1037 1015 1121 1080 inter
1140 1036 1255 1082 causas
1276 1017 1436 1100 potentis·

283 1125 381 1190 simas
396 1124 438 1188 ad
454 1141 664 1206 progressum
681 1120 891 1186 scientiarum
913 1120 1145 1186 remorandum
1165 1130 1199 1186 et
1220 1121 1434 1186 inhibendum

283 1230 353 1306 suit,
373 1227 442 1310 jam
463 1227 588 1290 dictum
604 1234 664 1290 est.
708 1223 826 1307 Atque
843 1223 941 1289 simul
960 1245 1068 1289 sermo
1087 1225 1130 1290 de
1152 1226 1254 1308 signis
1276 1235 1310 1290 et
1331 1225 1437 1290 causis

282 1352 439 1407 errorum,
454 1339 488 1394 et
505 1330 641 1394 inertiae
655 1337 689 1394 et
706 1328 910 1413 ignorantiae
922 1349 1007 1412 quae
1022 1327 1168 1405 invaluit,
1181 1329 1351 1395 absolutus
1366 1339 1436 1404 est;

283 1435 475 1519 praesertim
487 1454 562 1499 curn
577 1433 765 1498 subtiliores
777 1453 904 1510 causae,
915 1442 949 1498 et
961 1453 1046 1517 quae
1059 1433 1092 1497 in
1104 1433 1265 1516 judicium
1278 1433 1437 1518 populare

283 1550 341 1605 aut
364 1539 628 1604 observationem
643 1558 711 1602 non
731 1537 907 1616 incurrunt,
923 1538 966 1602 ad
988 1557 1027 1602 ea
1048 1557 1134 1620 quae
1151 1539 1194 1603 de
1213 1537 1315 1604 idolis
1336 1537 1436 1602 animi

284 1643 419 1708 humani
435 1642 524 1707 dicta
539 1649 615 1705 sunt
631 1641 740 1705 referri
755 1641 909 1706 debeant.

328 1748 443 1832 Atque
459 1748 511 1812 hic
527 1745 624 1811 simul
640 1766 715 1830 pars
730 1748 902 1811 destruens
919 1745 1170 1811 Instaurationis
1184 1756 1316 1811 nostrae
1331 1745 1438 1828 claudi

285 1855 396 1930 debet,
426 1872 511 1935 quae
541 1851 707 1935 perficitur
733 1851 838 1915 tribus
869 1850 1172 1934 redargutionibus:
1208 1851 1438 1936 redargutione

287 1957 441 2022 nimirum
464 1955 641 2020 Humanae
661 1955 820 2019 Rationis
840 1954 988 2018 Nativae
1013 1963 1046 2018 et
1072 1955 1135 2019 sibi
1161 1956 1358 2038 permissae3
1389 1975 1438 2018 re-

286 2061 483 2142 dargutione
509 2059 855 2132 Demonstrationum,·
890 2067 923 2122 et
954 2059 1185 2142 redargutione
1215 2058 1439 2136 Theodorum,

287 2166 356 2228 sive
386 2161 668 2246 philosophiamm
700 2173 734 2228 et
765 2162 987 2227 doctrinarum
1018 2183 1103 2246 quae
1133 2174 1285 2248 receptae
1313 2160 1439 2228 suntti.

288 2267 495 2352 Redargutio
510 2288 588 2331 vero
609 2287 721 2332 earum
741 2265 818 2332 talis
834 2266 896 2330 suit
917 2267 1023 2350 qualis
1045 2287 1116 2330 esse
1135 2267 1264 2350 potuit3
1285 2266 1439 2331 videlicet

288 2393 346 2456 per
360 2373 462 2456 signa,
479 2379 513 2436 et
533 2372 731 2437 evidentiam
752 2391 943 2449 causarum3
968 2391 1042 2435 cum
1063 2371 1245 2436 confutatio
1265 2370 1330 2436 alia
1350 2371 1440 2434 nulla

288 2500 308 2542 a
329 2477 424 2542 nobis
439 2474 510 2562 (qui
530 2485 564 2540 et
582 2476 624 2540 de
646 2476 814 2559 principiis
834 2484 868 2539 et
889 2475 931 2539 de
954 2476 1289 2540 demonstrationibus
1303 2476 1346 2540 ab
1368 2475 1441 2540 aliis

289 2578 514 2666 dissentimus)
529 2580 679 2648 adhiberi
694 2580 848 2664 potuerit.

334 2685 497 2769 Quocirca
517 2695 650 2768 tempus
670 2693 730 2761 est,
745 2694 782 2749 ut
801 2683 844 2748 ad
865 2684 971 2766 ipsam
992 2694 1096 2748 artem
1115 2695 1149 2749 et
1169 2705 1318 2749 normam
1334 2683 1441 2748 Inter·

282 2789 440 2874 pretandi
460 2788 630 2854 Naturam
651 2788 842 2864 veniamus3
868 2796 902 2852 et
924 2797 1035 2852 tamen
1058 2787 1205 2852 nonnihil
1228 2797 1328 2854 restat
1350 2788 1441 2871 quod

290 2893 564 2978 praevertendum
580 2903 640 2956 est.
682 2891 795 2975 Quum
812 2891 898 2955 enim
915 2893 948 2955 in
963 2892 1027 2957 hoc
1042 2893 1148 2975 primo
1162 2892 1441 2977 Aphorismorum

291 3000 376 3063 libro
392 2997 472 3063 illud
486 2999 580 3062 nobis
595 2997 802 3081 propositum
819 2996 870 3073 sit,
883 3006 921 3061 ut
936 3006 1005 3060 tam
1021 2998 1064 3062 ad
1080 2995 1328 3080 intelligendum
1341 3016 1441 3079 quam

291 3104 333 3168 ad
361 3103 584 3184 recipiendum
612 3123 650 3166 ea
679 3121 764 3184 quae
789 3109 972 3183 sequuntur
997 3110 1125 3165 mentes
1150 3101 1321 3165 hominum
1349 3121 1443 3184 prae·

291 3215 464 3289 parentur3
492 3217 676 3290 expurgata
699 3205 768 3287 jam
791 3213 825 3267 et
847 3203 963 3268 abrasa
989 3215 1024 3269 et
1045 3215 1185 3288 aequata
1212 3205 1331 3269 mentis
1357 3225 1441 3278 area,

292 3310 439 3392 sequitur
468 3319 504 3373 ut
535 3330 627 3374 mens
659 3310 794 3372 sistatur
826 3308 859 3369 in
895 3309 1057 3392 positione
1092 3311 1189 3387 bona,
1220 3318 1254 3372 et
1284 3320 1442 3391 tanquam

328 3555 349 3589 Ἠ
369 3559 424 3613 See
436 3567 516 3612 notes
528 3574 565 3612 on
578 3557 668 3628 Aphs.
681 3560 725 3627 38,
739 3573 782 3628 39,
794 3559 860 3614 with
873 3559 922 3615 the
934 3575 1069 3630 passages
1082 3557 1110 3612 in
1123 3559 1194 3614 Ellis
1206 3559 1263 3612 and
1277 3558 1444 3628 Spedding's

294 3640 410 3696 Edition
422 3641 500 3696 there
513 3641 635 3696 referred
647 3651 684 3696 to.
723 3643 757 3697 In
771 3659 789 3698 a
801 3654 866 3698 note
879 3661 916 3698 on
928 3643 977 3699 the
990 3641 1160 3697 Distributio
1170 3643 1279 3713 Operis,
1291 3643 1345 3696 Mr.
1356 3641 1444 3712 Sped·

294 3725 362 3795 ding
373 3725 498 3780 remarks
516 3725 578 3780 that
595 3726 675 3781 there
688 3727 735 3782 the
753 3728 832 3782 three
851 3727 1076 3797 Redargutiones
1094 3744 1141 3781 are
1160 3726 1342 3781 enumerated
1355 3727 1384 3780 in
1397 3726 1445 3784 the

293 3825 404 3864 reverse
422 3809 505 3864 order
522 3817 552 3863 to
570 3808 631 3864 that
652 3808 682 3864 in
701 3810 791 3865 which
809 3811 878 3880 they
896 3828 944 3866 are
964 3811 1145 3866 enumerated
1165 3808 1192 3864 in
1211 3810 1267 3864 this
1285 3809 1445 3880 Aphorism,

294 3890 351 3946 and
370 3891 398 3946 in
411 3892 502 3946 which
521 3893 588 3961 they
600 3910 648 3948 are
666 3894 775 3949 treated
794 3894 822 3947 in
840 3894 888 3949 the
908 3895 1022 3948 Novum
1041 3895 1195 3964 Organum.
1233 3892 1320 3950 ‘This
1335 3893 1446 3961 shows,'

294 3977 330 4030 he
349 3993 422 4045 says,
436 3976 514 4030 ‘that
533 3976 582 4030 the
594 3975 763 4031 Distributio
782 3975 883 4046 Open's
896 3994 953 4031 was
967 3975 1074 4032 written
1093 3977 1189 4032 before
1208 3978 1304 4030 Bacon
1322 3977 1379 4032 had
1398 3976 1445 4031 de·

295 4057 378 4113 cided
389 4074 466 4128 upon
478 4058 526 4113 the
538 4070 735 4130 arrangement
748 4059 781 4113 os
789 4060 837 4115 the
850 4061 966 4114 Novum
980 4061 1142 4129 Organum.'
1178 4060 1240 4113 The
1253 4059 1445 4114 enumeration

295 4140 323 4194 in
336 4141 385 4195 the
403 4139 494 4196 Partis
507 4141 656 4197 Secundae
669 4142 830 4198 Delineatio
844 4143 890 4213 (E.
903 4143 960 4202 and
973 4144 1011 4213 S.,
1024 4144 1078 4198 vol.
1093 4141 1128 4197 iii.
1142 4160 1168 4213 p.
1184 4141 1245 4213 548)
1260 4143 1447 4213 corresponds

295 4223 361 4278 with
375 4225 437 4279 that
451 4224 480 4278 in
493 4226 541 4281 the
554 4225 722 4281 Distributio
736 4226 846 4296 Operis.

330 4307 393 4366 The
414 4307 605 4377 ‘Redargutio
626 4311 778 4366 Humanae
799 4308 927 4365 Rationis
950 4311 1072 4366 Nativae
1090 4319 1118 4365 et
1139 4309 1192 4365 sibi
1212 4309 1382 4380 permissae'
1405 4309 1447 4362 in-

295 4390 412 4528 qiduqesF
420 4390 454 4484 oi
468 4407 575 4462 course,
597 4393 646 4448 the
666 4393 794 4449 doctrine
815 4393 848 4448 oi
862 4394 911 4449 the
932 4394 1012 4449 Idola
1024 4393 1136 4462 Tribus,
1157 4394 1236 4449 Idola
1255 4393 1371 4464 Specus,
1390 4392 1447 4448 and

331 4491 377 4528 oa
414 4491 464 4529 on.
