3342 5152
712 331 792 387 LIB.
815 332 857 389 II.
885 341 932 388 12.
1325 340 1387 409 379

239 505 274 560 et
290 497 576 579 exasperationem
593 496 728 578 spiritus
743 497 829 578 ignei
852 498 895 560 ab
917 518 1013 579 aqua,
1031 507 1067 562 ut
1084 493 1141 560 fiat
1157 497 1292 579 quidam
1309 517 1387 561 con-

239 600 348 664 flictus
365 610 397 663 et
417 600 655 682 antiperistasis
665 599 701 664 ²⁰.
749 601 834 666 Utra
855 621 933 665 vero
955 622 1006 664 res
1028 603 1070 666 sit
1092 601 1124 664 in
1142 621 1240 665 causa
1261 601 1388 665 facilius

239 705 422 787 apparebit,
452 705 479 767 si
510 704 583 768 loco
612 725 720 788 aquae
751 706 950 768 immittatur
979 704 1088 768 oleum
1115 731 1123 782 ;
1159 705 1268 768 oleum
1298 707 1387 768 enim

238 829 343 891 aeque
368 829 407 872 ac
430 828 518 890 aqua
544 808 667 872 valebit
696 811 739 872 ad
767 811 923 874 unionem
946 810 1079 892 spiritus
1099 809 1222 886 inclusi,
1243 810 1302 873 sed
1323 830 1388 872 non

239 914 282 976 ad
302 914 527 978 irritationem.
572 913 683 976 Etiam
711 913 901 978 iaciendum
928 925 979 978 est
1004 915 1269 996 experimentum
1291 914 1390 978 latius

240 1026 309 1080 tam
324 1018 357 1078 in
376 1017 540 1080 cineribus
559 1026 593 1082 et
611 1016 756 1081 calcibus
779 1017 983 1081 diversorum
1007 1039 1191 1102 corporum,
1214 1039 1314 1101 quam
1332 1039 1390 1101 per

240 1121 476 1185 immissionem
492 1122 696 1184 diversorum
714 1121 888 1204 liquorum.

264 1240 407 1291 Mons·-
459 1224 549 1288 Huic
567 1225 744 1289 instantiae
765 1225 974 1307 subjungitur
991 1225 1145 1307 negativa
1166 1223 1305 1288 aliorum
1323 1244 1390 1286 me-

239 1326 403 1405 tallorum,
426 1349 511 1410 quae
534 1339 611 1392 sunt
635 1330 741 1411 magis
765 1329 878 1392 mollia
901 1339 935 1394 et
958 1328 1059 1392 fluxa.
1105 1328 1240 1392 Etenim
1262 1328 1389 1392 bracte-

239 1432 313 1496 olae
328 1433 407 1509 auri,
427 1433 556 1497 solutae
579 1433 610 1496 in
631 1434 791 1515 liquorem
818 1455 878 1516 per
900 1455 1021 1516 aquam
1045 1434 1139 1515 regis,
1163 1433 1287 1496 nullum
1308 1432 1391 1495 dant

239 1538 382 1602 calorem
398 1539 441 1601 ad
459 1547 585 1602 tactum
609 1539 641 1601 in
663 1539 901 1614 dissolutione;
925 1525 1032 1621 neoue
1051 1538 1203 1602 similiter
1217 1536 1389 1619 plumbum

240 1642 273 1704 in
290 1662 375 1724 aqua
390 1642 484 1718 lorti3
508 1661 615 1725 neque
630 1643 730 1706 etiam
752 1653 928 1726 argentum
944 1644 1054 1706 vivum
1071 1641 1122 1724 (ut
1139 1641 1308 1723 memini);
1332 1640 1389 1704 sed

240 1756 414 1828 argentum
438 1747 545 1828 ipsum
564 1767 681 1830 parum
705 1747 833 1811 excitat
856 1746 982 1823 caloris,
1004 1757 1105 1828 atque
1128 1747 1229 1809 etiam
1252 1765 1389 1827 cuprum

240 1850 291 1930 (ut
317 1852 472 1930 memini),
497 1853 557 1914 sed
583 1851 688 1934 magis
719 1850 895 1916 manifesto
926 1861 1089 1926 stannum,
1113 1860 1216 1932 atque
1242 1851 1390 1912 omnium

241 1956 388 2018 maxime
405 1955 526 2020 terrum
547 1966 581 2019 et
600 1955 747 2037 chalybs,
771 1977 857 2038 quae
881 1977 947 2019 non
971 1954 1077 2018 solum
1101 1954 1219 2018 sortem
1243 1955 1391 2017 excitant

240 2058 384 2122 calorem
409 2061 442 2122 in
475 2059 700 2136 dissolutione,
730 2062 789 2124 sed
823 2059 925 2124 etiam
952 2058 1132 2123 violentam
1155 2056 1392 2122 ebullitionem.

242 2158 360 2240 Itaque
382 2159 511 2222 videtur
534 2159 624 2222 calor
650 2158 718 2222 fieri
746 2180 804 2243 per
830 2159 1030 2236 conflictum,
1055 2178 1131 2221 cum
1160 2177 1266 2240 aquae
1289 2157 1392 2219 fortes

241 2273 415 2344 penetrant
438 2273 472 2326 et
497 2261 628 2328 fodiunt
653 2274 686 2326 et
709 2263 870 2327 divellunt
893 2274 1003 2346 partes
1023 2261 1177 2344 corporis,
1198 2271 1231 2324 et
1253 2278 1392 2343 corpora

241 2367 311 2449 ipsa
328 2367 480 2430 resistunt
494 2364 533 2431 ²¹.
579 2367 647 2432 Ubi
671 2388 749 2430 vero
773 2376 910 2450 corpora
933 2365 1059 2429 facilius
1080 2366 1209 2441 cedunt,
1226 2363 1285 2426 vix
1300 2363 1390 2426 exci-

242 2481 329 2534 tatur
344 2470 442 2535 calor.

262 2591 411 2636 mlo-ao.
457 2574 567 2639 Calori
588 2575 780 2640 animalium
799 2574 890 2639 nulla
913 2573 1124 2656 subjungitur
1146 2570 1309 2654 negativa,
1329 2570 1390 2633 nisi

142 2683 150 2704 ‘
243 2679 442 2744 insectorum
460 2681 510 2760 (ut
525 2681 650 2744 dictum
667 2682 730 2760 est)
745 2681 790 2744 ob
805 2681 1001 2762 parvitatem
1013 2678 1169 2760 corporis,
1214 2675 1347 2738 Etenim
1359 2675 1390 2736 in

242 2785 386 2868 piscibus
407 2784 535 2849 collatis
554 2784 597 2849 ad
621 2785 776 2848 animalia
799 2785 963 2848 terrestria
987 2782 1092 2865 magis
1117 2788 1251 2844 notatur
1268 2779 1391 2861 gradus

243 2890 362 2953 caloris
391 2910 491 2972 quam
518 2891 669 2972 privatio.
725 2889 764 2952 In
794 2888 1036 2970 vegetabilibus
1063 2895 1175 2949 autem
1206 2894 1241 2946 et
1270 2883 1392 2964 plantis

243 2993 351 3058 nullus
368 2994 546 3078 percipitur
561 2996 684 3075 gradus
698 2993 818 3058 caloris
833 2994 876 3056 ad
892 3003 1029 3064 tactum,
1046 3010 1153 3072 neque
1169 2989 1201 3052 in
1214 2986 1392 3068 lachrymis

243 3099 395 3181 ipsorum,
419 3118 525 3179 neque
546 3097 578 3161 in
602 3097 755 3162 medullis
776 3107 925 3161 recenter
946 3095 1077 3179 apertis.
1121 3091 1173 3157 At
1193 3092 1225 3156 in
1244 3089 1392 3154 animali·

243 3203 305 3266 bus
321 3221 441 3285 magna
462 3203 621 3284 reperitur
641 3203 814 3266 diversitas
837 3200 961 3278 caloris,
984 3209 1055 3263 tum
1079 3198 1111 3261 in
1133 3197 1283 3280 partibus
1304 3197 1392 3280 ipso·

244 3327 315 3370 rum
336 3307 431 3386 (alius
446 3317 496 3370 est
512 3307 599 3370 enim
615 3307 704 3372 calor
719 3309 804 3372 circa
821 3327 884 3380 cor,
900 3305 985 3369 alius
1000 3305 1033 3367 in
1048 3303 1192 3376 cerebro,
1208 3301 1293 3366 alius
1308 3301 1393 3364 circa

278 3579 300 3612 ²⁰
317 3583 380 3636 The
394 3599 493 3636 reason
505 3581 530 3636 is
543 3582 603 3636 that
616 3582 663 3636 the
676 3591 761 3636 water
772 3591 864 3635 enters
876 3579 935 3634 into
947 3575 1138 3633 combination
1152 3574 1218 3630 with
1231 3575 1278 3629 the
1294 3573 1390 3644 quick·

243 3663 317 3732 lime,
331 3664 421 3719 which
434 3665 486 3719 has
499 3682 516 3718 a
529 3665 658 3736 powerful
669 3664 777 3733 affinity
785 3665 828 3719 ior
841 3663 870 3731 it,
880 3663 937 3717 and
950 3663 1011 3716 that
1023 3663 1091 3716 heat
1103 3660 1126 3714 is
1140 3657 1294 3728 developed
1307 3657 1335 3713 in
1346 3657 1393 3712 the

244 3765 365 3818 process.

280 3833 342 3886 The
355 3831 430 3887 word
445 3830 680 3902 ‘antiperistasis'
694 3831 718 3887 is
731 3831 841 3886 defined
854 3829 883 3885 in
896 3829 923 3884 ii.
937 3842 969 3896 27
981 3829 1018 3883 ad
1031 3827 1077 3881 lin.
1091 3843 1123 3880 as
1136 3823 1265 3895 ‘rejectio
1278 3833 1393 3878 naturae

244 3916 416 3972 contrariae!
453 3919 505 3986 Cp.
517 3927 584 3972 note
596 3933 633 3970 on
645 3916 705 3970 that
718 3931 844 3986 passage.

279 4000 342 4054 The
363 3999 461 4054 reader
482 3999 534 4053 will
555 4010 603 4053 not
624 3998 673 4054 fail
694 4010 723 4053 to
745 3997 837 4053 notice
859 3996 978 4051 Bacon's
999 3993 1110 4048 curious
1132 4009 1182 4046 use
1201 3990 1232 4044 of
1247 3990 1296 4044 the
1318 3989 1394 4043 word

245 4082 355 4154 ‘spirit’
374 4082 431 4137 and
450 4084 498 4138 the
517 4094 629 4152 strange
647 4082 810 4152 metaphors
828 4080 919 4135 which
937 4079 957 4133 it
977 4085 1102 4146 suggests
1121 4085 1150 4128 to
1169 4074 1236 4128 him.

279 4165 298 4197 ²¹
321 4169 352 4221 ln
366 4168 445 4222 these
457 4166 514 4222 and
528 4167 633 4221 similar
646 4183 734 4234 cases,
747 4166 812 4220 beat
826 4164 850 4218 is
862 4161 1017 4232 developed
1031 4161 1068 4228 by
1078 4157 1213 4213 chemical
1226 4154 1327 4210 action
1365 4156 1373 4182 ⁴
1381 4156 1391 4208 l

244 4251 327 4305 know
340 4250 371 4305 oi
381 4269 418 4304 uo
430 4251 593 4321 exception,'
607 4268 672 4322 says
685 4249 731 4306 Sir
742 4251 787 4303 W.
802 4249 836 4302 R.
850 4249 951 4312 Grove,
966 4247 1012 4299 ‘to
1029 4245 1076 4298 the
1092 4241 1205 4312 general
1222 4238 1393 4310 proposition

244 4335 305 4392 that
324 4337 360 4389 all
379 4335 488 4403 bodies,
501 4335 529 4389 in
548 4335 712 4402 chemically
724 4331 893 4400 combining,
914 4328 1038 4400 produce
1057 4325 1138 4382 beat!
1177 4323 1347 4380 Correlation
1367 4323 1397 4376 ol

247 4420 376 4490 Physical
391 4421 501 4486 Forces,
516 4419 628 4476 Section
641 4435 677 4472 on
692 4416 834 4472 Chemical
848 4413 973 4482 Affinity.
