<?xml version="1.0" encoding="UTF-8"?>
<!DOCTYPE html PUBLIC "-//W3C//DTD XHTML 1.0 Transitional//EN"
    "http://www.w3.org/TR/xhtml1/DTD/xhtml1-transitional.dtd">
<html xmlns="http://www.w3.org/1999/xhtml" xml:lang="en" lang="en">
 <head>
  <title>
</title>
<meta http-equiv="Content-Type" content="text/html;charset=utf-8" />
  <meta name='ocr-system' content='tesseract 3.04.00' />
  <meta name='ocr-capabilities' content='ocr_page ocr_carea ocr_par ocr_line ocrx_word'/>
</head>
<body>
  <div class='ocr_page' id='page_1' title='image "./baconsnovumorga00bacogoog/baconsnovumorga00bacogoog_0201.png"; bbox 0 0 3344 5152; ppageno 0'>
   <div class='ocr_carea' id='block_1_1' title="bbox 286 394 1087 474">
    <p class='ocr_par' dir='ltr' id='par_1_1' title="bbox 286 394 1087 474">
     <span class='ocr_line' id='line_1_1' title="bbox 286 394 1087 474; baseline -0.005 -20"><span class='ocrx_word' id='word_1_1' title='bbox 286 407 347 474; x_wconf 82' lang='lat'><strong>172</strong></span> <span class='ocrx_word' id='word_1_2' title='bbox 631 395 702 450; x_wconf 90' lang='lat' dir='ltr'><strong>DIS</strong></span> <span class='ocrx_word' id='word_1_3' title='bbox 708 395 863 450; x_wconf 86' lang='lat' dir='ltr'><em>TRIBUT</em></span> <span class='ocrx_word' id='word_1_4' title='bbox 861 395 904 449; x_wconf 91' lang='lat' dir='ltr'><strong>IO</strong></span> <span class='ocrx_word' id='word_1_5' title='bbox 929 394 1087 450; x_wconf 86' lang='lat' dir='ltr'><em>OPERIS.</em></span> 
     </span>
    </p>
   </div>
   <div class='ocr_carea' id='block_1_2' title="bbox 284 558 1441 4601">
    <p class='ocr_par' dir='ltr' id='par_1_2' title="bbox 284 558 1434 959">
     <span class='ocr_line' id='line_1_2' title="bbox 285 558 1433 646; baseline -0.005 -18"><span class='ocrx_word' id='word_1_6' title='bbox 285 563 421 629; x_wconf 90' lang='lat' dir='ltr'><strong>intersit.</strong></span> <span class='ocrx_word' id='word_1_7' title='bbox 467 564 555 627; x_wconf 94' lang='lat' dir='ltr'><strong>Nam</strong></span> <span class='ocrx_word' id='word_1_8' title='bbox 573 573 605 626; x_wconf 91' lang='lat' dir='ltr'><strong>et</strong></span> <span class='ocrx_word' id='word_1_9' title='bbox 622 561 692 646; x_wconf 92' lang='lat' dir='ltr'><strong>ipsa</strong></span> <span class='ocrx_word' id='word_1_10' title='bbox 713 561 768 625; x_wconf 90' lang='lat' dir='ltr'><strong>illa</strong></span> <span class='ocrx_word' id='word_1_11' title='bbox 789 561 896 645; x_wconf 88' lang='lat' dir='ltr'><strong>logica</strong></span> <span class='ocrx_word' id='word_1_12' title='bbox 910 560 1054 643; x_wconf 92' lang='lat' dir='ltr'><strong>vulgaris</strong></span> <span class='ocrx_word' id='word_1_13' title='bbox 1074 559 1198 624; x_wconf 85' lang='lat' dir='ltr'><strong>auxilia</strong></span> <span class='ocrx_word' id='word_1_14' title='bbox 1217 568 1251 624; x_wconf 92' lang='lat' dir='ltr'><strong>et</strong></span> <span class='ocrx_word' id='word_1_15' title='bbox 1272 558 1433 642; x_wconf 88' lang='lat' dir='ltr'><strong>praesidia</strong></span> 
     </span>
     <span class='ocr_line' id='line_1_3' title="bbox 285 664 1434 749; baseline -0.006 -19"><span class='ocrx_word' id='word_1_16' title='bbox 285 668 463 733; x_wconf 89' lang='lat' dir='ltr'><strong>intellectui</strong></span> <span class='ocrx_word' id='word_1_17' title='bbox 487 667 593 732; x_wconf 94' lang='lat' dir='ltr'><strong>moliri</strong></span> <span class='ocrx_word' id='word_1_18' title='bbox 617 688 655 731; x_wconf 91' lang='lat' dir='ltr'><strong>ac</strong></span> <span class='ocrx_word' id='word_1_19' title='bbox 678 687 794 749; x_wconf 89' lang='lat' dir='ltr'><strong>parare</strong></span> <span class='ocrx_word' id='word_1_20' title='bbox 816 665 1009 748; x_wconf 87' lang='lat' dir='ltr'><strong>profitetur:</strong></span> <span class='ocrx_word' id='word_1_21' title='bbox 1032 675 1065 727; x_wconf 90' lang='lat' dir='ltr'><strong>et</strong></span> <span class='ocrx_word' id='word_1_22' title='bbox 1082 666 1112 727; x_wconf 93' lang='lat' dir='ltr'><strong>in</strong></span> <span class='ocrx_word' id='word_1_23' title='bbox 1129 664 1192 728; x_wconf 93' lang='lat' dir='ltr'><strong>hoc</strong></span> <span class='ocrx_word' id='word_1_24' title='bbox 1212 685 1278 728; x_wconf 91' lang='lat' dir='ltr'><strong>uno</strong></span> <span class='ocrx_word' id='word_1_25' title='bbox 1299 683 1434 727; x_wconf 90' lang='lat' dir='ltr'><strong>consen·</strong></span> 
     </span>
     <span class='ocr_line' id='line_1_4' title="bbox 284 767 1433 852; baseline -0.01 -16"><span class='ocrx_word' id='word_1_26' title='bbox 284 775 380 837; x_wconf 91' lang='lat' dir='ltr'><strong>tiunt.</strong></span> <span class='ocrx_word' id='word_1_27' title='bbox 427 771 546 834; x_wconf 83' lang='lat' dir='ltr'><strong>Differt</strong></span> <span class='ocrx_word' id='word_1_28' title='bbox 567 779 678 834; x_wconf 91' lang='lat' dir='ltr'><strong>autem</strong></span> <span class='ocrx_word' id='word_1_29' title='bbox 699 769 796 852; x_wconf 89' lang='lat' dir='ltr'><strong>plane</strong></span> <span class='ocrx_word' id='word_1_30' title='bbox 814 769 975 852; x_wconf 89' lang='lat' dir='ltr'><strong>avulgari</strong></span> <span class='ocrx_word' id='word_1_31' title='bbox 997 770 1093 832; x_wconf 91' lang='lat' dir='ltr'><strong>rebus</strong></span> <span class='ocrx_word' id='word_1_32' title='bbox 1116 768 1291 851; x_wconf 87' lang='lat' dir='ltr'>praecipue</span> <span class='ocrx_word' id='word_1_33' title='bbox 1312 767 1433 830; x_wconf 91' lang='lat' dir='ltr'><strong>tribus:</strong></span> 
     </span>
     <span class='ocr_line' id='line_1_5' title="bbox 284 872 1301 959; baseline -0.007 -21"><span class='ocrx_word' id='word_1_34' title='bbox 284 878 346 939; x_wconf 92' lang='lat' dir='ltr'><strong>viz.</strong></span> <span class='ocrx_word' id='word_1_35' title='bbox 364 877 436 959; x_wconf 92' lang='lat' dir='ltr'><strong>ipso</strong></span> <span class='ocrx_word' id='word_1_36' title='bbox 453 875 525 950; x_wconf 87' lang='lat' dir='ltr'><strong>fine,</strong></span> <span class='ocrx_word' id='word_1_37' title='bbox 541 875 655 938; x_wconf 85' lang='lat' dir='ltr'>ordine</span> <span class='ocrx_word' id='word_1_38' title='bbox 672 873 926 949; x_wconf 89' lang='lat' dir='ltr'><strong>demonstrandi,</strong></span> <span class='ocrx_word' id='word_1_39' title='bbox 943 885 976 937; x_wconf 92' lang='lat' dir='ltr'><strong>et</strong></span> <span class='ocrx_word' id='word_1_40' title='bbox 992 873 1177 955; x_wconf 91' lang='lat' dir='ltr'><strong>inquirendi</strong></span> <span class='ocrx_word' id='word_1_41' title='bbox 1193 872 1301 934; x_wconf 91' lang='lat' dir='ltr'><strong>initiis.</strong></span> 
     </span>
    </p>

    <p class='ocr_par' dir='ltr' id='par_1_3' title="bbox 285 975 1436 1583">
     <span class='ocr_line' id='line_1_6' title="bbox 329 975 1436 1060; baseline -0.006 -19"><span class='ocrx_word' id='word_1_42' title='bbox 329 980 418 1042; x_wconf 89' lang='lat' dir='ltr'><strong>Nam</strong></span> <span class='ocrx_word' id='word_1_43' title='bbox 439 978 516 1042; x_wconf 93' lang='lat' dir='ltr'><strong>huic</strong></span> <span class='ocrx_word' id='word_1_44' title='bbox 537 989 667 1042; x_wconf 87' lang='lat' dir='ltr'><strong>nostrae</strong></span> <span class='ocrx_word' id='word_1_45' title='bbox 686 978 841 1042; x_wconf 85' lang='lat' dir='ltr'>scientiae</span> <span class='ocrx_word' id='word_1_46' title='bbox 860 976 933 1040; x_wconf 86' lang='lat' dir='ltr'><strong>finis</strong></span> <span class='ocrx_word' id='word_1_47' title='bbox 954 979 1156 1060; x_wconf 86' lang='lat' dir='ltr'>proponitur,</span> <span class='ocrx_word' id='word_1_48' title='bbox 1172 986 1209 1040; x_wconf 93' lang='lat' dir='ltr'><strong>ut</strong></span> <span class='ocrx_word' id='word_1_49' title='bbox 1231 975 1436 1039; x_wconf 87' lang='lat' dir='ltr'><strong>inveniantur</strong></span> 
     </span>
     <span class='ocr_line' id='line_1_7' title="bbox 285 1079 1436 1165; baseline -0.007 -18"><span class='ocrx_word' id='word_1_50' title='bbox 285 1105 350 1147; x_wconf 92' lang='lat' dir='ltr'><strong>non</strong></span> <span class='ocrx_word' id='word_1_51' title='bbox 367 1093 561 1164; x_wconf 81' lang='lat' dir='ltr'><strong>argumenta</strong></span> <span class='ocrx_word' id='word_1_52' title='bbox 579 1083 637 1145; x_wconf 94' lang='lat' dir='ltr'><strong>sed</strong></span> <span class='ocrx_word' id='word_1_53' title='bbox 659 1093 754 1159; x_wconf 91' lang='lat' dir='ltr'><strong>artes,</strong></span> <span class='ocrx_word' id='word_1_54' title='bbox 770 1103 828 1146; x_wconf 92' lang='lat' dir='ltr'><strong>nec</strong></span> <span class='ocrx_word' id='word_1_55' title='bbox 853 1083 1019 1165; x_wconf 88' lang='lat' dir='ltr'><strong>principiis</strong></span> <span class='ocrx_word' id='word_1_56' title='bbox 1042 1091 1260 1146; x_wconf 89' lang='lat' dir='ltr'><strong>consentanea</strong></span> <span class='ocrx_word' id='word_1_57' title='bbox 1282 1080 1340 1143; x_wconf 88' lang='lat' dir='ltr'><strong>sed</strong></span> <span class='ocrx_word' id='word_1_58' title='bbox 1365 1079 1436 1160; x_wconf 93' lang='lat' dir='ltr'><strong>ipsa</strong></span> 
     </span>
     <span class='ocr_line' id='line_1_8' title="bbox 285 1182 1434 1270; baseline -0.005 -20"><span class='ocrx_word' id='word_1_59' title='bbox 285 1188 452 1270; x_wconf 87' lang='lat' dir='ltr'><strong>principia,</strong></span> <span class='ocrx_word' id='word_1_60' title='bbox 469 1208 527 1251; x_wconf 90' lang='lat' dir='ltr'><strong>nec</strong></span> <span class='ocrx_word' id='word_1_61' title='bbox 551 1187 693 1250; x_wconf 86' lang='lat' dir='ltr'><strong>rationes</strong></span> <span class='ocrx_word' id='word_1_62' title='bbox 716 1186 903 1269; x_wconf 89' lang='lat' dir='ltr'><strong>probabiles</strong></span> <span class='ocrx_word' id='word_1_63' title='bbox 920 1188 978 1250; x_wconf 91' lang='lat' dir='ltr'><strong>sed</strong></span> <span class='ocrx_word' id='word_1_64' title='bbox 998 1185 1241 1269; x_wconf 85' lang='lat' dir='ltr'><strong>designationes</strong></span> <span class='ocrx_word' id='word_1_65' title='bbox 1260 1194 1293 1246; x_wconf 93' lang='lat' dir='ltr'><strong>et</strong></span> <span class='ocrx_word' id='word_1_66' title='bbox 1313 1182 1434 1245; x_wconf 90' lang='lat' dir='ltr'><strong>indica·</strong></span> 
     </span>
     <span class='ocr_line' id='line_1_9' title="bbox 285 1290 1434 1374; baseline -0.006 -20"><span class='ocrx_word' id='word_1_67' title='bbox 285 1293 392 1356; x_wconf 82' lang='lat' dir='ltr'><strong>tiones</strong></span> <span class='ocrx_word' id='word_1_68' title='bbox 419 1290 578 1374; x_wconf 90' lang='lat' dir='ltr'><strong>Operum.</strong></span> <span class='ocrx_word' id='word_1_69' title='bbox 626 1291 743 1374; x_wconf 91' lang='lat' dir='ltr'><strong>ltaque</strong></span> <span class='ocrx_word' id='word_1_70' title='bbox 773 1313 817 1354; x_wconf 86' lang='lat' dir='ltr'><strong>ex</strong></span> <span class='ocrx_word' id='word_1_71' title='bbox 849 1291 1030 1355; x_wconf 91' lang='lat' dir='ltr'><strong>intentione</strong></span> <span class='ocrx_word' id='word_1_72' title='bbox 1055 1292 1184 1354; x_wconf 91' lang='lat' dir='ltr'><strong>diversa</strong></span> <span class='ocrx_word' id='word_1_73' title='bbox 1210 1290 1359 1352; x_wconf 87' lang='lat' dir='ltr'><strong>diversus</strong></span> <span class='ocrx_word' id='word_1_74' title='bbox 1384 1306 1434 1348; x_wconf 92' lang='lat' dir='ltr'><strong>se·</strong></span> 
     </span>
     <span class='ocr_line' id='line_1_10' title="bbox 285 1391 1436 1478; baseline -0.007 -20"><span class='ocrx_word' id='word_1_75' title='bbox 285 1396 394 1478; x_wconf 91' lang='lat' dir='ltr'><strong>quitur</strong></span> <span class='ocrx_word' id='word_1_76' title='bbox 420 1395 564 1459; x_wconf 85' lang='lat' dir='ltr'><strong>effectus.</strong></span> <span class='ocrx_word' id='word_1_77' title='bbox 611 1395 681 1459; x_wconf 95' lang='lat' dir='ltr'><strong>lllic</strong></span> <span class='ocrx_word' id='word_1_78' title='bbox 708 1395 795 1458; x_wconf 92' lang='lat' dir='ltr'><strong>enim</strong></span> <span class='ocrx_word' id='word_1_79' title='bbox 820 1396 1023 1459; x_wconf 91' lang='lat' dir='ltr'><strong>adversarius</strong></span> <span class='ocrx_word' id='word_1_80' title='bbox 1049 1394 1272 1478; x_wconf 89' lang='lat' dir='ltr'><strong>disputatione</strong></span> <span class='ocrx_word' id='word_1_81' title='bbox 1297 1391 1436 1454; x_wconf 91' lang='lat' dir='ltr'><strong>vincitur</strong></span> 
     </span>
     <span class='ocr_line' id='line_1_11' title="bbox 285 1499 918 1583; baseline 0 -20"><span class='ocrx_word' id='word_1_82' title='bbox 285 1509 318 1563; x_wconf 91' lang='lat' dir='ltr'><strong>et</strong></span> <span class='ocrx_word' id='word_1_83' title='bbox 334 1499 585 1583; x_wconf 82' lang='lat' dir='ltr'><strong>constringitur3</strong></span> <span class='ocrx_word' id='word_1_84' title='bbox 608 1499 661 1563; x_wconf 90' lang='lat' dir='ltr'><strong>hic</strong></span> <span class='ocrx_word' id='word_1_85' title='bbox 677 1510 794 1563; x_wconf 87' lang='lat' dir='ltr'><strong>natura</strong></span> <span class='ocrx_word' id='word_1_86' title='bbox 810 1520 918 1581; x_wconf 92' lang='lat' dir='ltr'><strong>opere.</strong></span> 
     </span>
    </p>

    <p class='ocr_par' dir='ltr' id='par_1_4' title="bbox 287 1599 1441 4496">
     <span class='ocr_line' id='line_1_12' title="bbox 331 1599 1435 1686; baseline -0.004 -21"><span class='ocrx_word' id='word_1_87' title='bbox 331 1602 445 1685; x_wconf 89' lang='lat' dir='ltr'><strong>Atque</strong></span> <span class='ocrx_word' id='word_1_88' title='bbox 475 1623 548 1667; x_wconf 92' lang='lat' dir='ltr'><strong>cum</strong></span> <span class='ocrx_word' id='word_1_89' title='bbox 579 1602 768 1686; x_wconf 87' lang='lat' dir='ltr'><strong>hujusmodi</strong></span> <span class='ocrx_word' id='word_1_90' title='bbox 796 1603 860 1666; x_wconf 88' lang='lat' dir='ltr'><strong>fine</strong></span> <span class='ocrx_word' id='word_1_91' title='bbox 890 1603 1086 1667; x_wconf 91' lang='lat' dir='ltr'><strong>conveniunt</strong></span> <span class='ocrx_word' id='word_1_92' title='bbox 1117 1599 1435 1665; x_wconf 83' lang='lat' dir='ltr'><strong>demonstrationum</strong></span> 
     </span>
     <span class='ocr_line' id='line_1_13' title="bbox 287 1703 1435 1790; baseline -0.003 -21"><span class='ocrx_word' id='word_1_93' title='bbox 287 1708 432 1790; x_wconf 89' lang='lat' dir='ltr'><strong>ipsarum</strong></span> <span class='ocrx_word' id='word_1_94' title='bbox 459 1719 575 1772; x_wconf 88' lang='lat' dir='ltr'><strong>natura</strong></span> <span class='ocrx_word' id='word_1_95' title='bbox 599 1717 632 1771; x_wconf 93' lang='lat' dir='ltr'><strong>et</strong></span> <span class='ocrx_word' id='word_1_96' title='bbox 655 1710 747 1772; x_wconf 90' lang='lat' dir='ltr'><strong>ordo.</strong></span> <span class='ocrx_word' id='word_1_97' title='bbox 795 1708 835 1771; x_wconf 90' lang='lat' dir='ltr'><strong>In</strong></span> <span class='ocrx_word' id='word_1_98' title='bbox 858 1707 964 1790; x_wconf 89' lang='lat' dir='ltr'><strong>logica</strong></span> <span class='ocrx_word' id='word_1_99' title='bbox 987 1708 1073 1771; x_wconf 87' lang='lat' dir='ltr'><strong>enim</strong></span> <span class='ocrx_word' id='word_1_100' title='bbox 1096 1707 1223 1788; x_wconf 88' lang='lat' dir='ltr'><strong>vulgari</strong></span> <span class='ocrx_word' id='word_1_101' title='bbox 1246 1726 1346 1787; x_wconf 90' lang='lat' dir='ltr'><strong>opera</strong></span> <span class='ocrx_word' id='word_1_102' title='bbox 1368 1703 1435 1767; x_wconf 87' lang='lat' dir='ltr'><strong>iere</strong></span> 
     </span>
     <span class='ocr_line' id='line_1_14' title="bbox 287 1810 1436 1894; baseline -0.003 -21"><span class='ocrx_word' id='word_1_103' title='bbox 287 1811 436 1874; x_wconf 91' lang='lat' dir='ltr'><strong>universa</strong></span> <span class='ocrx_word' id='word_1_104' title='bbox 457 1812 541 1876; x_wconf 89' lang='lat' dir='ltr'><strong>circa</strong></span> <span class='ocrx_word' id='word_1_105' title='bbox 558 1810 798 1894; x_wconf 85' lang='lat' dir='ltr'><strong>Syllogismum</strong></span> <span class='ocrx_word' id='word_1_106' title='bbox 819 1811 1031 1877; x_wconf 90' lang='lat' dir='ltr'><strong>consumitur.</strong></span> <span class='ocrx_word' id='word_1_107' title='bbox 1077 1811 1129 1873; x_wconf 91' lang='lat' dir='ltr'><strong>De</strong></span> <span class='ocrx_word' id='word_1_108' title='bbox 1147 1811 1342 1874; x_wconf 89' lang='lat' dir='ltr'><strong>Inductione</strong></span> <span class='ocrx_word' id='word_1_109' title='bbox 1357 1829 1436 1871; x_wconf 93' lang='lat' dir='ltr'><strong>vero</strong></span> 
     </span>
     <span class='ocr_line' id='line_1_15' title="bbox 288 1914 1434 1998; baseline -0.002 -22"><span class='ocrx_word' id='word_1_110' title='bbox 288 1914 458 1979; x_wconf 89' lang='lat' dir='ltr'><strong>Dialectici</strong></span> <span class='ocrx_word' id='word_1_111' title='bbox 484 1915 542 1978; x_wconf 89' lang='lat' dir='ltr'><strong>vix</strong></span> <span class='ocrx_word' id='word_1_112' title='bbox 569 1916 654 1978; x_wconf 93' lang='lat' dir='ltr'><strong>serio</strong></span> <span class='ocrx_word' id='word_1_113' title='bbox 685 1917 847 1998; x_wconf 83' lang='lat' dir='ltr'><strong>cogitasse</strong></span> <span class='ocrx_word' id='word_1_114' title='bbox 872 1917 1043 1992; x_wconf 91' lang='lat' dir='ltr'><strong>videntur;</strong></span> <span class='ocrx_word' id='word_1_115' title='bbox 1075 1915 1140 1978; x_wconf 91' lang='lat' dir='ltr'><strong>levi</strong></span> <span class='ocrx_word' id='word_1_116' title='bbox 1167 1914 1333 1977; x_wconf 90' lang='lat' dir='ltr'><strong>mentione</strong></span> <span class='ocrx_word' id='word_1_117' title='bbox 1360 1932 1434 1976; x_wconf 87' lang='lat' dir='ltr'><strong>eam</strong></span> 
     </span>
     <span class='ocr_line' id='line_1_16' title="bbox 287 2015 1436 2103; baseline -0.003 -23"><span class='ocrx_word' id='word_1_118' title='bbox 287 2018 556 2096; x_wconf 71' lang='lat' dir='ltr'><strong>transmittentes</strong></span> <span class='ocrx_word' id='word_1_119' title='bbox 579 2030 612 2083; x_wconf 94' lang='lat' dir='ltr'><strong>et</strong></span> <span class='ocrx_word' id='word_1_120' title='bbox 643 2021 686 2085; x_wconf 93' lang='lat' dir='ltr'><strong>ad</strong></span> <span class='ocrx_word' id='word_1_121' title='bbox 716 2021 907 2103; x_wconf 88' lang='lat' dir='ltr'><strong>disputandi</strong></span> <span class='ocrx_word' id='word_1_122' title='bbox 934 2019 1091 2084; x_wconf 83' lang='lat' dir='ltr'><strong>formulas</strong></span> <span class='ocrx_word' id='word_1_123' title='bbox 1118 2028 1341 2103; x_wconf 82' lang='lat' dir='ltr'><strong>properantes</strong></span> <span class='ocrx_word' id='word_1_124' title='bbox 1386 2015 1436 2077; x_wconf 87' lang='lat' dir='ltr'><strong>At</strong></span> 
     </span>
     <span class='ocr_line' id='line_1_17' title="bbox 287 2123 1437 2208; baseline -0.002 -24"><span class='ocrx_word' id='word_1_125' title='bbox 287 2142 347 2185; x_wconf 91' lang='lat' dir='ltr'><strong>nos</strong></span> <span class='ocrx_word' id='word_1_126' title='bbox 370 2123 683 2187; x_wconf 87' lang='lat' dir='ltr'><strong>demonstrationem</strong></span> <span class='ocrx_word' id='word_1_127' title='bbox 711 2144 770 2203; x_wconf 89' lang='lat' dir='ltr'><strong>per</strong></span> <span class='ocrx_word' id='word_1_128' title='bbox 795 2125 1023 2208; x_wconf 83' lang='lat' dir='ltr'><strong>syllogismum</strong></span> <span class='ocrx_word' id='word_1_129' title='bbox 1052 2123 1224 2207; x_wconf 88' lang='lat' dir='ltr'><strong>rejicimus,</strong></span> <span class='ocrx_word' id='word_1_130' title='bbox 1247 2123 1337 2204; x_wconf 93' lang='lat' dir='ltr'><strong>quod</strong></span> <span class='ocrx_word' id='word_1_131' title='bbox 1359 2141 1437 2185; x_wconf 92' lang='lat' dir='ltr'><strong>con·</strong></span> 
     </span>
     <span class='ocr_line' id='line_1_18' title="bbox 288 2224 1436 2311; baseline 0 -25"><span class='ocrx_word' id='word_1_132' title='bbox 288 2224 390 2290; x_wconf 83' lang='lat' dir='ltr'><strong>fusius</strong></span> <span class='ocrx_word' id='word_1_133' title='bbox 416 2237 502 2311; x_wconf 84' lang='lat' dir='ltr'><strong>agat,</strong></span> <span class='ocrx_word' id='word_1_134' title='bbox 525 2237 558 2291; x_wconf 90' lang='lat' dir='ltr'><strong>et</strong></span> <span class='ocrx_word' id='word_1_135' title='bbox 586 2239 739 2292; x_wconf 89' lang='lat' dir='ltr'><strong>naturam</strong></span> <span class='ocrx_word' id='word_1_136' title='bbox 764 2230 894 2294; x_wconf 90' lang='lat' dir='ltr'><strong>emittat</strong></span> <span class='ocrx_word' id='word_1_137' title='bbox 921 2251 940 2293; x_wconf 95' lang='lat' dir='ltr'><strong>e</strong></span> <span class='ocrx_word' id='word_1_138' title='bbox 967 2229 1128 2294; x_wconf 90' lang='lat' dir='ltr'><strong>manibus.</strong></span> <span class='ocrx_word' id='word_1_139' title='bbox 1172 2226 1321 2291; x_wconf 89' lang='lat' dir='ltr'><strong>Tametsi</strong></span> <span class='ocrx_word' id='word_1_140' title='bbox 1348 2226 1436 2288; x_wconf 91' lang='lat' dir='ltr'><strong>enim</strong></span> 
     </span>
     <span class='ocr_line' id='line_1_19' title="bbox 287 2329 1437 2415; baseline -0.001 -24"><span class='ocrx_word' id='word_1_141' title='bbox 287 2330 408 2392; x_wconf 89' lang='lat' dir='ltr'><strong>nemini</strong></span> <span class='ocrx_word' id='word_1_142' title='bbox 447 2331 584 2395; x_wconf 91' lang='lat' dir='ltr'><strong>dubium</strong></span> <span class='ocrx_word' id='word_1_143' title='bbox 621 2353 692 2396; x_wconf 89' lang='lat' dir='ltr'><strong>esse</strong></span> <span class='ocrx_word' id='word_1_144' title='bbox 727 2334 831 2414; x_wconf 88' lang='lat' dir='ltr'><strong>possit</strong></span> <span class='ocrx_word' id='word_1_145' title='bbox 865 2335 952 2415; x_wconf 91' lang='lat' dir='ltr'><strong>quin,</strong></span> <span class='ocrx_word' id='word_1_146' title='bbox 978 2354 1064 2415; x_wconf 91' lang='lat' dir='ltr'><strong>quae</strong></span> <span class='ocrx_word' id='word_1_147' title='bbox 1093 2333 1126 2396; x_wconf 92' lang='lat' dir='ltr'><strong>in</strong></span> <span class='ocrx_word' id='word_1_148' title='bbox 1157 2332 1265 2395; x_wconf 93' lang='lat' dir='ltr'><strong>medio</strong></span> <span class='ocrx_word' id='word_1_149' title='bbox 1295 2329 1437 2394; x_wconf 91' lang='lat' dir='ltr'><strong>termino</strong></span> 
     </span>
     <span class='ocr_line' id='line_1_20' title="bbox 287 2433 1437 2521; baseline -0.001 -24"><span class='ocrx_word' id='word_1_150' title='bbox 287 2435 494 2510; x_wconf 90' lang='lat' dir='ltr'><strong>conveniunt,</strong></span> <span class='ocrx_word' id='word_1_151' title='bbox 511 2457 550 2499; x_wconf 94' lang='lat' dir='ltr'><strong>ea</strong></span> <span class='ocrx_word' id='word_1_152' title='bbox 565 2444 598 2499; x_wconf 91' lang='lat' dir='ltr'><strong>et</strong></span> <span class='ocrx_word' id='word_1_153' title='bbox 614 2437 699 2500; x_wconf 91' lang='lat' dir='ltr'><strong>inter</strong></span> <span class='ocrx_word' id='word_1_154' title='bbox 719 2459 754 2500; x_wconf 91' lang='lat' dir='ltr'><strong>se</strong></span> <span class='ocrx_word' id='word_1_155' title='bbox 775 2439 969 2502; x_wconf 89' lang='lat' dir='ltr'><strong>conveniant</strong></span> <span class='ocrx_word' id='word_1_156' title='bbox 986 2434 1089 2521; x_wconf 82' lang='lat' dir='ltr'><strong>(quod</strong></span> <span class='ocrx_word' id='word_1_157' title='bbox 1111 2447 1162 2502; x_wconf 90' lang='lat' dir='ltr'><strong>est</strong></span> <span class='ocrx_word' id='word_1_158' title='bbox 1183 2433 1437 2499; x_wconf 90' lang='lat' dir='ltr'><strong>mathematicae</strong></span> 
     </span>
     <span class='ocr_line' id='line_1_21' title="bbox 288 2536 1435 2625; baseline 0 -25"><span class='ocrx_word' id='word_1_159' title='bbox 288 2536 457 2618; x_wconf 91' lang='lat' dir='ltr'><strong>cujusdam</strong></span> <span class='ocrx_word' id='word_1_160' title='bbox 481 2537 718 2625; x_wconf 87' lang='lat' dir='ltr'><strong>certitudinis):</strong></span> <span class='ocrx_word' id='word_1_161' title='bbox 746 2541 958 2605; x_wconf 89' lang='lat' dir='ltr'><strong>nihilominus</strong></span> <span class='ocrx_word' id='word_1_162' title='bbox 980 2541 1044 2606; x_wconf 95' lang='lat' dir='ltr'><strong>hoc</strong></span> <span class='ocrx_word' id='word_1_163' title='bbox 1067 2543 1180 2605; x_wconf 91' lang='lat' dir='ltr'><strong>subest</strong></span> <span class='ocrx_word' id='word_1_164' title='bbox 1198 2539 1330 2611; x_wconf 81' lang='lat' dir='ltr'><strong>fraudis,</strong></span> <span class='ocrx_word' id='word_1_165' title='bbox 1345 2538 1435 2620; x_wconf 91' lang='lat' dir='ltr'><strong>quod</strong></span> 
     </span>
     <span class='ocr_line' id='line_1_22' title="bbox 287 2639 1437 2730; baseline 0.003 -28"><span class='ocrx_word' id='word_1_166' title='bbox 287 2639 499 2724; x_wconf 88' lang='lat' dir='ltr'><strong>syllogismus</strong></span> <span class='ocrx_word' id='word_1_167' title='bbox 519 2665 562 2708; x_wconf 89' lang='lat' dir='ltr'><strong>ex</strong></span> <span class='ocrx_word' id='word_1_168' title='bbox 585 2646 865 2728; x_wconf 90' lang='lat' dir='ltr'><strong>propositionibus</strong></span> <span class='ocrx_word' id='word_1_169' title='bbox 889 2655 1027 2723; x_wconf 90' lang='lat' dir='ltr'><strong>constet,</strong></span> <span class='ocrx_word' id='word_1_170' title='bbox 1043 2645 1283 2730; x_wconf 88' lang='lat' dir='ltr'><strong>propositiones</strong></span> <span class='ocrx_word' id='word_1_171' title='bbox 1304 2663 1348 2706; x_wconf 92' lang='lat' dir='ltr'><strong>ex</strong></span> <span class='ocrx_word' id='word_1_172' title='bbox 1365 2663 1437 2705; x_wconf 89' lang='lat' dir='ltr'><strong>ver·</strong></span> 
     </span>
     <span class='ocr_line' id='line_1_23' title="bbox 288 2745 1435 2834; baseline 0.002 -27"><span class='ocrx_word' id='word_1_173' title='bbox 288 2745 347 2821; x_wconf 92' lang='lat' dir='ltr'><strong>bis,</strong></span> <span class='ocrx_word' id='word_1_174' title='bbox 362 2746 463 2810; x_wconf 90' lang='lat' dir='ltr'><strong>verba</strong></span> <span class='ocrx_word' id='word_1_175' title='bbox 484 2757 596 2811; x_wconf 92' lang='lat' dir='ltr'><strong>autem</strong></span> <span class='ocrx_word' id='word_1_176' title='bbox 620 2750 793 2813; x_wconf 91' lang='lat' dir='ltr'><strong>notionum</strong></span> <span class='ocrx_word' id='word_1_177' title='bbox 816 2760 958 2816; x_wconf 87' lang='lat' dir='ltr'><strong>tesserae</strong></span> <span class='ocrx_word' id='word_1_178' title='bbox 981 2760 1015 2815; x_wconf 91' lang='lat' dir='ltr'><strong>et</strong></span> <span class='ocrx_word' id='word_1_179' title='bbox 1038 2752 1132 2834; x_wconf 90' lang='lat' dir='ltr'><strong>signa</strong></span> <span class='ocrx_word' id='word_1_180' title='bbox 1154 2751 1228 2812; x_wconf 91' lang='lat' dir='ltr'><strong>sint.</strong></span> <span class='ocrx_word' id='word_1_181' title='bbox 1275 2748 1394 2830; x_wconf 91' lang='lat' dir='ltr'><strong>Itaque</strong></span> <span class='ocrx_word' id='word_1_182' title='bbox 1409 2747 1435 2810; x_wconf 91' lang='lat' dir='ltr'><strong>si</strong></span> 
     </span>
     <span class='ocr_line' id='line_1_24' title="bbox 289 2849 1438 2940; baseline 0.003 -29"><span class='ocrx_word' id='word_1_183' title='bbox 289 2850 438 2913; x_wconf 89' lang='lat' dir='ltr'><strong>notiones</strong></span> <span class='ocrx_word' id='word_1_184' title='bbox 464 2849 554 2935; x_wconf 91' lang='lat' dir='ltr'><strong>ipsae</strong></span> <span class='ocrx_word' id='word_1_185' title='bbox 581 2855 699 2917; x_wconf 90' lang='lat' dir='ltr'><strong>mentis</strong></span> <span class='ocrx_word' id='word_1_186' title='bbox 723 2851 820 2940; x_wconf 90' lang='lat' dir='ltr'><strong>(quae</strong></span> <span class='ocrx_word' id='word_1_187' title='bbox 843 2855 1018 2918; x_wconf 90' lang='lat' dir='ltr'><strong>verborum</strong></span> <span class='ocrx_word' id='word_1_188' title='bbox 1042 2853 1134 2937; x_wconf 92' lang='lat' dir='ltr'><strong>quasi</strong></span> <span class='ocrx_word' id='word_1_189' title='bbox 1162 2853 1272 2916; x_wconf 89' lang='lat' dir='ltr'><strong>anima</strong></span> <span class='ocrx_word' id='word_1_190' title='bbox 1296 2859 1381 2928; x_wconf 89' lang='lat' dir='ltr'><strong>sunt,</strong></span> <span class='ocrx_word' id='word_1_191' title='bbox 1404 2862 1438 2914; x_wconf 91' lang='lat' dir='ltr'><strong>et</strong></span> 
     </span>
     <span class='ocr_line' id='line_1_25' title="bbox 288 2954 1439 3041; baseline 0.003 -25"><span class='ocrx_word' id='word_1_192' title='bbox 288 2954 391 3017; x_wconf 89' lang='lat' dir='ltr'><strong>totius</strong></span> <span class='ocrx_word' id='word_1_193' title='bbox 411 2955 601 3036; x_wconf 91' lang='lat' dir='ltr'><strong>hujusmodi</strong></span> <span class='ocrx_word' id='word_1_194' title='bbox 622 2968 805 3023; x_wconf 89' lang='lat' dir='ltr'><strong>structurae</strong></span> <span class='ocrx_word' id='word_1_195' title='bbox 821 2979 859 3023; x_wconf 91' lang='lat' dir='ltr'><strong>ac</strong></span> <span class='ocrx_word' id='word_1_196' title='bbox 875 2958 1015 3023; x_wconf 81' lang='lat' dir='ltr'><strong>fabricae</strong></span> <span class='ocrx_word' id='word_1_197' title='bbox 1030 2955 1132 3041; x_wconf 83' lang='lat' dir='ltr'><strong>basis)</strong></span> <span class='ocrx_word' id='word_1_198' title='bbox 1148 2956 1235 3020; x_wconf 92' lang='lat' dir='ltr'><strong>male</strong></span> <span class='ocrx_word' id='word_1_199' title='bbox 1256 2977 1294 3021; x_wconf 91' lang='lat' dir='ltr'><strong>ac</strong></span> <span class='ocrx_word' id='word_1_200' title='bbox 1315 2966 1439 3019; x_wconf 88' lang='lat' dir='ltr'><strong>temere</strong></span> 
     </span>
     <span class='ocr_line' id='line_1_26' title="bbox 288 3059 1438 3146; baseline 0 -26"><span class='ocrx_word' id='word_1_201' title='bbox 288 3079 309 3120; x_wconf 93' lang='lat' dir='ltr'><strong>a</strong></span> <span class='ocrx_word' id='word_1_202' title='bbox 336 3059 433 3122; x_wconf 89' lang='lat' dir='ltr'><strong>rebus</strong></span> <span class='ocrx_word' id='word_1_203' title='bbox 458 3060 653 3132; x_wconf 85' lang='lat' dir='ltr'><strong>abstractae,</strong></span> <span class='ocrx_word' id='word_1_204' title='bbox 677 3071 711 3125; x_wconf 95' lang='lat' dir='ltr'><strong>et</strong></span> <span class='ocrx_word' id='word_1_205' title='bbox 734 3084 847 3146; x_wconf 88' lang='lat' dir='ltr'><strong>vagae,</strong></span> <span class='ocrx_word' id='word_1_206' title='bbox 871 3083 930 3126; x_wconf 92' lang='lat' dir='ltr'><strong>nec</strong></span> <span class='ocrx_word' id='word_1_207' title='bbox 956 3063 1036 3127; x_wconf 90' lang='lat' dir='ltr'><strong>satis</strong></span> <span class='ocrx_word' id='word_1_208' title='bbox 1062 3062 1218 3127; x_wconf 88' lang='lat' dir='ltr'><strong>definitae</strong></span> <span class='ocrx_word' id='word_1_209' title='bbox 1243 3071 1275 3125; x_wconf 91' lang='lat' dir='ltr'><strong>et</strong></span> <span class='ocrx_word' id='word_1_210' title='bbox 1300 3060 1438 3125; x_wconf 92' lang='lat' dir='ltr'><strong>circum·</strong></span> 
     </span>
     <span class='ocr_line' id='line_1_27' title="bbox 289 3161 1438 3246; baseline 0.001 -23"><span class='ocrx_word' id='word_1_211' title='bbox 289 3161 440 3244; x_wconf 90' lang='lat' dir='ltr'><strong>scriptae,</strong></span> <span class='ocrx_word' id='word_1_212' title='bbox 459 3163 601 3246; x_wconf 88' lang='lat' dir='ltr'><strong>denique</strong></span> <span class='ocrx_word' id='word_1_213' title='bbox 624 3165 737 3230; x_wconf 93' lang='lat' dir='ltr'><strong>multis</strong></span> <span class='ocrx_word' id='word_1_214' title='bbox 760 3167 868 3231; x_wconf 91' lang='lat' dir='ltr'><strong>modis</strong></span> <span class='ocrx_word' id='word_1_215' title='bbox 890 3167 1029 3231; x_wconf 91' lang='lat' dir='ltr'><strong>vitiosae</strong></span> <span class='ocrx_word' id='word_1_216' title='bbox 1052 3165 1182 3243; x_wconf 88' lang='lat' dir='ltr'><strong>suerint,</strong></span> <span class='ocrx_word' id='word_1_217' title='bbox 1197 3165 1309 3229; x_wconf 91' lang='lat' dir='ltr'><strong>omnia</strong></span> <span class='ocrx_word' id='word_1_218' title='bbox 1332 3173 1438 3226; x_wconf 89' lang='lat' dir='ltr'><strong>ruunt.</strong></span> 
     </span>
     <span class='ocr_line' id='line_1_28' title="bbox 291 3264 1437 3354; baseline 0.002 -27"><span class='ocrx_word' id='word_1_219' title='bbox 291 3264 471 3347; x_wconf 91' lang='lat' dir='ltr'><strong>Rejicimus</strong></span> <span class='ocrx_word' id='word_1_220' title='bbox 494 3267 593 3350; x_wconf 89' lang='lat' dir='ltr'><strong>igitur</strong></span> <span class='ocrx_word' id='word_1_221' title='bbox 619 3270 869 3354; x_wconf 90' lang='lat' dir='ltr'><strong>syllogismum;</strong></span> <span class='ocrx_word' id='word_1_222' title='bbox 899 3291 1006 3354; x_wconf 91' lang='lat' dir='ltr'><strong>neque</strong></span> <span class='ocrx_word' id='word_1_223' title='bbox 1027 3272 1062 3335; x_wconf 91' lang='lat' dir='ltr'><strong>id</strong></span> <span class='ocrx_word' id='word_1_224' title='bbox 1084 3270 1191 3335; x_wconf 92' lang='lat' dir='ltr'><strong>solum</strong></span> <span class='ocrx_word' id='word_1_225' title='bbox 1215 3270 1326 3353; x_wconf 92' lang='lat' dir='ltr'><strong>quoad</strong></span> <span class='ocrx_word' id='word_1_226' title='bbox 1349 3267 1437 3349; x_wconf 91' lang='lat' dir='ltr'><strong>prin-</strong></span> 
     </span>
     <span class='ocr_line' id='line_1_29' title="bbox 290 3365 1439 3460; baseline 0.001 -29"><span class='ocrx_word' id='word_1_227' title='bbox 290 3369 375 3451; x_wconf 92' lang='lat' dir='ltr'><strong>cipia</strong></span> <span class='ocrx_word' id='word_1_228' title='bbox 398 3365 564 3454; x_wconf 85' lang='lat' dir='ltr'><strong>(adquae</strong></span> <span class='ocrx_word' id='word_1_229' title='bbox 587 3393 646 3437; x_wconf 91' lang='lat' dir='ltr'><strong>nec</strong></span> <span class='ocrx_word' id='word_1_230' title='bbox 669 3373 715 3437; x_wconf 89' lang='lat' dir='ltr'><strong>illi</strong></span> <span class='ocrx_word' id='word_1_231' title='bbox 737 3395 810 3438; x_wconf 90' lang='lat' dir='ltr'><strong>eam</strong></span> <span class='ocrx_word' id='word_1_232' title='bbox 834 3372 1006 3460; x_wconf 89' lang='lat' dir='ltr'><strong>adhibent)</strong></span> <span class='ocrx_word' id='word_1_233' title='bbox 1027 3375 1084 3440; x_wconf 92' lang='lat' dir='ltr'><strong>sed</strong></span> <span class='ocrx_word' id='word_1_234' title='bbox 1107 3374 1206 3438; x_wconf 90' lang='lat' dir='ltr'><strong>etiam</strong></span> <span class='ocrx_word' id='word_1_235' title='bbox 1230 3374 1340 3456; x_wconf 91' lang='lat' dir='ltr'><strong>quoad</strong></span> <span class='ocrx_word' id='word_1_236' title='bbox 1364 3390 1439 3453; x_wconf 94' lang='lat' dir='ltr'><strong>pro·</strong></span> 
     </span>
     <span class='ocr_line' id='line_1_30' title="bbox 290 3473 1439 3561; baseline 0 -25"><span class='ocrx_word' id='word_1_237' title='bbox 290 3473 473 3555; x_wconf 90' lang='lat' dir='ltr'><strong>positiones</strong></span> <span class='ocrx_word' id='word_1_238' title='bbox 496 3478 629 3554; x_wconf 92' lang='lat' dir='ltr'><strong>medias,</strong></span> <span class='ocrx_word' id='word_1_239' title='bbox 649 3497 731 3559; x_wconf 91' lang='lat' dir='ltr'><strong>quas</strong></span> <span class='ocrx_word' id='word_1_240' title='bbox 753 3477 865 3543; x_wconf 90' lang='lat' dir='ltr'><strong>educit</strong></span> <span class='ocrx_word' id='word_1_241' title='bbox 887 3499 965 3543; x_wconf 88' lang='lat' dir='ltr'><strong>sane</strong></span> <span class='ocrx_word' id='word_1_242' title='bbox 988 3490 1088 3561; x_wconf 90' lang='lat' dir='ltr'><strong>atque</strong></span> <span class='ocrx_word' id='word_1_243' title='bbox 1110 3477 1251 3559; x_wconf 84' lang='lat' dir='ltr'><strong>parturit</strong></span> <span class='ocrx_word' id='word_1_244' title='bbox 1273 3485 1439 3551; x_wconf 90' lang='lat' dir='ltr'><strong>utcunque</strong></span> 
     </span>
     <span class='ocr_line' id='line_1_31' title="bbox 290 3577 1440 3664; baseline 0 -24"><span class='ocrx_word' id='word_1_245' title='bbox 290 3577 510 3661; x_wconf 86' lang='lat' dir='ltr'><strong>syllogismus,</strong></span> <span class='ocrx_word' id='word_1_246' title='bbox 537 3581 594 3644; x_wconf 93' lang='lat' dir='ltr'><strong>sed</strong></span> <span class='ocrx_word' id='word_1_247' title='bbox 624 3601 761 3664; x_wconf 92' lang='lat' dir='ltr'><strong>operum</strong></span> <span class='ocrx_word' id='word_1_248' title='bbox 792 3583 920 3647; x_wconf 90' lang='lat' dir='ltr'><strong>steriles</strong></span> <span class='ocrx_word' id='word_1_249' title='bbox 949 3593 982 3647; x_wconf 94' lang='lat' dir='ltr'><strong>et</strong></span> <span class='ocrx_word' id='word_1_250' title='bbox 1012 3604 1031 3647; x_wconf 92' lang='lat' dir='ltr'><strong>a</strong></span> <span class='ocrx_word' id='word_1_251' title='bbox 1062 3582 1205 3664; x_wconf 91' lang='lat' dir='ltr'><strong>practica</strong></span> <span class='ocrx_word' id='word_1_252' title='bbox 1236 3587 1380 3643; x_wconf 89' lang='lat' dir='ltr'><strong>remotas</strong></span> <span class='ocrx_word' id='word_1_253' title='bbox 1405 3587 1440 3641; x_wconf 89' lang='lat' dir='ltr'><strong>et</strong></span> 
     </span>
     <span class='ocr_line' id='line_1_32' title="bbox 290 3680 1438 3769; baseline 0.001 -26"><span class='ocrx_word' id='word_1_254' title='bbox 290 3680 388 3764; x_wconf 89' lang='lat' dir='ltr'><strong>plane</strong></span> <span class='ocrx_word' id='word_1_255' title='bbox 424 3685 535 3766; x_wconf 90' lang='lat' dir='ltr'><strong>quoad</strong></span> <span class='ocrx_word' id='word_1_256' title='bbox 573 3697 701 3769; x_wconf 89' lang='lat' dir='ltr'><strong>partem</strong></span> <span class='ocrx_word' id='word_1_257' title='bbox 739 3687 880 3751; x_wconf 89' lang='lat' dir='ltr'><strong>activam</strong></span> <span class='ocrx_word' id='word_1_258' title='bbox 918 3687 1130 3751; x_wconf 90' lang='lat' dir='ltr'><strong>scientiarum</strong></span> <span class='ocrx_word' id='word_1_259' title='bbox 1169 3686 1438 3767; x_wconf 91' lang='lat' dir='ltr'><strong>incompetentes.</strong></span> 
     </span>
     <span class='ocr_line' id='line_1_33' title="bbox 291 3784 1439 3873; baseline 0 -24"><span class='ocrx_word' id='word_1_260' title='bbox 291 3784 453 3867; x_wconf 85' lang='lat' dir='ltr'><strong>Quamvis</strong></span> <span class='ocrx_word' id='word_1_261' title='bbox 470 3789 569 3872; x_wconf 89' lang='lat' dir='ltr'><strong>igitur</strong></span> <span class='ocrx_word' id='word_1_262' title='bbox 584 3789 806 3873; x_wconf 89' lang='lat' dir='ltr'><strong>relinquamus</strong></span> <span class='ocrx_word' id='word_1_263' title='bbox 822 3790 1016 3872; x_wconf 85' lang='lat' dir='ltr'><strong>syllogismo</strong></span> <span class='ocrx_word' id='word_1_264' title='bbox 1036 3798 1069 3854; x_wconf 91' lang='lat' dir='ltr'><strong>et</strong></span> <span class='ocrx_word' id='word_1_265' title='bbox 1089 3788 1279 3871; x_wconf 88' lang='lat' dir='ltr'><strong>hujusmodi</strong></span> <span class='ocrx_word' id='word_1_266' title='bbox 1301 3788 1439 3851; x_wconf 87' lang='lat' dir='ltr'><strong>demon·</strong></span> 
     </span>
     <span class='ocr_line' id='line_1_34' title="bbox 290 3891 1440 3976; baseline 0 -22"><span class='ocrx_word' id='word_1_267' title='bbox 290 3893 504 3958; x_wconf 89' lang='lat' dir='ltr'><strong>strationibus</strong></span> <span class='ocrx_word' id='word_1_268' title='bbox 521 3894 655 3958; x_wconf 79' lang='lat' dir='ltr'><strong>famosis</strong></span> <span class='ocrx_word' id='word_1_269' title='bbox 677 3915 715 3958; x_wconf 91' lang='lat' dir='ltr'><strong>ac</strong></span> <span class='ocrx_word' id='word_1_270' title='bbox 736 3895 867 3976; x_wconf 86' lang='lat' dir='ltr'><strong>jactatis</strong></span> <span class='ocrx_word' id='word_1_271' title='bbox 887 3891 1149 3975; x_wconf 88' lang='lat' dir='ltr'><strong>jurisdictionem</strong></span> <span class='ocrx_word' id='word_1_272' title='bbox 1172 3893 1204 3956; x_wconf 92' lang='lat' dir='ltr'><strong>in</strong></span> <span class='ocrx_word' id='word_1_273' title='bbox 1226 3904 1314 3956; x_wconf 89' lang='lat' dir='ltr'><strong>artes</strong></span> <span class='ocrx_word' id='word_1_274' title='bbox 1334 3912 1440 3975; x_wconf 92' lang='lat' dir='ltr'><strong>popu·</strong></span> 
     </span>
     <span class='ocr_line' id='line_1_35' title="bbox 292 3993 1440 4084; baseline 0.002 -26"><span class='ocrx_word' id='word_1_275' title='bbox 292 3995 376 4059; x_wconf 92' lang='lat' dir='ltr'><strong>lares</strong></span> <span class='ocrx_word' id='word_1_276' title='bbox 390 4007 423 4060; x_wconf 91' lang='lat' dir='ltr'><strong>et</strong></span> <span class='ocrx_word' id='word_1_277' title='bbox 438 3998 621 4079; x_wconf 91' lang='lat' dir='ltr'><strong>opinabiles</strong></span> <span class='ocrx_word' id='word_1_278' title='bbox 637 3997 695 4084; x_wconf 86' lang='lat' dir='ltr'><strong>(nil</strong></span> <span class='ocrx_word' id='word_1_279' title='bbox 710 3999 798 4062; x_wconf 90' lang='lat' dir='ltr'><strong>enim</strong></span> <span class='ocrx_word' id='word_1_280' title='bbox 814 3999 848 4062; x_wconf 93' lang='lat' dir='ltr'><strong>in</strong></span> <span class='ocrx_word' id='word_1_281' title='bbox 864 3998 926 4063; x_wconf 93' lang='lat' dir='ltr'><strong>hac</strong></span> <span class='ocrx_word' id='word_1_282' title='bbox 947 4007 1040 4080; x_wconf 91' lang='lat' dir='ltr'><strong>parte</strong></span> <span class='ocrx_word' id='word_1_283' title='bbox 1061 3993 1253 4081; x_wconf 86' lang='lat' dir='ltr'><strong>movemus),</strong></span> <span class='ocrx_word' id='word_1_284' title='bbox 1270 4005 1380 4060; x_wconf 90' lang='lat' dir='ltr'><strong>tamen</strong></span> <span class='ocrx_word' id='word_1_285' title='bbox 1396 3997 1440 4060; x_wconf 91' lang='lat' dir='ltr'><strong>ad</strong></span> 
     </span>
     <span class='ocr_line' id='line_1_36' title="bbox 292 4101 1440 4186; baseline 0.001 -24"><span class='ocrx_word' id='word_1_286' title='bbox 292 4109 444 4164; x_wconf 89' lang='lat' dir='ltr'><strong>naturam</strong></span> <span class='ocrx_word' id='word_1_287' title='bbox 463 4122 570 4165; x_wconf 87' lang='lat' dir='ltr'><strong>rerum</strong></span> <span class='ocrx_word' id='word_1_288' title='bbox 588 4102 784 4167; x_wconf 90' lang='lat' dir='ltr'><strong>Inductione</strong></span> <span class='ocrx_word' id='word_1_289' title='bbox 800 4123 856 4186; x_wconf 92' lang='lat' dir='ltr'><strong>per</strong></span> <span class='ocrx_word' id='word_1_290' title='bbox 876 4103 996 4181; x_wconf 88' lang='lat' dir='ltr'><strong>omnia,</strong></span> <span class='ocrx_word' id='word_1_291' title='bbox 1012 4110 1130 4166; x_wconf 92' lang='lat' dir='ltr'><strong>ettam</strong></span> <span class='ocrx_word' id='word_1_292' title='bbox 1146 4101 1190 4164; x_wconf 93' lang='lat' dir='ltr'><strong>ad</strong></span> <span class='ocrx_word' id='word_1_293' title='bbox 1206 4101 1348 4163; x_wconf 90' lang='lat' dir='ltr'><strong>minores</strong></span> <span class='ocrx_word' id='word_1_294' title='bbox 1364 4119 1440 4183; x_wconf 90' lang='lat' dir='ltr'><strong>pro·</strong></span> 
     </span>
     <span class='ocr_line' id='line_1_37' title="bbox 292 4203 1441 4288; baseline -0.001 -21"><span class='ocrx_word' id='word_1_295' title='bbox 292 4203 472 4285; x_wconf 89' lang='lat' dir='ltr'><strong>positiones</strong></span> <span class='ocrx_word' id='word_1_296' title='bbox 492 4226 592 4288; x_wconf 92' lang='lat' dir='ltr'><strong>quam</strong></span> <span class='ocrx_word' id='word_1_297' title='bbox 613 4208 656 4270; x_wconf 92' lang='lat' dir='ltr'><strong>ad</strong></span> <span class='ocrx_word' id='word_1_298' title='bbox 679 4205 828 4287; x_wconf 91' lang='lat' dir='ltr'><strong>majores,</strong></span> <span class='ocrx_word' id='word_1_299' title='bbox 847 4208 977 4270; x_wconf 91' lang='lat' dir='ltr'><strong>utimur.</strong></span> <span class='ocrx_word' id='word_1_300' title='bbox 1022 4203 1244 4268; x_wconf 69' lang='lat' dir='ltr'><strong>[adactionem</strong></span> <span class='ocrx_word' id='word_1_301' title='bbox 1263 4205 1351 4267; x_wconf 91' lang='lat' dir='ltr'><strong>enim</strong></span> <span class='ocrx_word' id='word_1_302' title='bbox 1367 4224 1441 4268; x_wconf 93' lang='lat' dir='ltr'><strong>cen·</strong></span> 
     </span>
     <span class='ocr_line' id='line_1_38' title="bbox 291 4309 1440 4391; baseline 0.002 -23"><span class='ocrx_word' id='word_1_303' title='bbox 291 4327 401 4369; x_wconf 89' lang='lat' dir='ltr'><strong>semus</strong></span> <span class='ocrx_word' id='word_1_304' title='bbox 416 4328 490 4371; x_wconf 93' lang='lat' dir='ltr'><strong>eam</strong></span> <span class='ocrx_word' id='word_1_305' title='bbox 506 4329 577 4373; x_wconf 89' lang='lat' dir='ltr'><strong>esse</strong></span> <span class='ocrx_word' id='word_1_306' title='bbox 597 4311 845 4375; x_wconf 87' lang='lat' dir='ltr'><strong>demonstrandi</strong></span> <span class='ocrx_word' id='word_1_307' title='bbox 861 4309 1011 4385; x_wconf 88' lang='lat' dir='ltr'><strong>formam,</strong></span> <span class='ocrx_word' id='word_1_308' title='bbox 1025 4329 1111 4391; x_wconf 87' lang='lat' dir='ltr'><strong>quae</strong></span> <span class='ocrx_word' id='word_1_309' title='bbox 1132 4313 1262 4372; x_wconf 89' lang='lat' dir='ltr'><strong>&#39;sensum</strong></span> <span class='ocrx_word' id='word_1_310' title='bbox 1284 4318 1393 4371; x_wconf 86' lang='lat' dir='ltr'><strong>tuetur</strong></span> <span class='ocrx_word' id='word_1_311' title='bbox 1407 4317 1440 4371; x_wconf 93' lang='lat' dir='ltr'><strong>et</strong></span> 
     </span>
     <span class='ocr_line' id='line_1_39' title="bbox 291 4411 1330 4496; baseline -0.002 -23"><span class='ocrx_word' id='word_1_312' title='bbox 291 4421 443 4475; x_wconf 89' lang='lat' dir='ltr'><strong>naturam</strong></span> <span class='ocrx_word' id='word_1_313' title='bbox 460 4414 581 4495; x_wconf 91' lang='lat' dir='ltr'><strong>premit</strong></span> <span class='ocrx_word' id='word_1_314' title='bbox 597 4422 631 4478; x_wconf 92' lang='lat' dir='ltr'><strong>et</strong></span> <span class='ocrx_word' id='word_1_315' title='bbox 646 4414 802 4496; x_wconf 87' lang='lat' dir='ltr'><strong>operibus</strong></span> <span class='ocrx_word' id='word_1_316' title='bbox 818 4413 967 4477; x_wconf 90' lang='lat' dir='ltr'><strong>imminet</strong></span> <span class='ocrx_word' id='word_1_317' title='bbox 983 4432 1021 4476; x_wconf 87' lang='lat' dir='ltr'><strong>nc</strong></span> <span class='ocrx_word' id='word_1_318' title='bbox 1037 4412 1104 4477; x_wconf 87' lang='lat' dir='ltr'><strong>sere</strong></span> <span class='ocrx_word' id='word_1_319' title='bbox 1120 4411 1330 4476; x_wconf 90' lang='lat' dir='ltr'><strong>immiscetur.</strong></span> 
     </span>
    </p>

    <p class='ocr_par' dir='ltr' id='par_1_5' title="bbox 336 4514 1440 4601">
     <span class='ocr_line' id='line_1_40' title="bbox 336 4514 1440 4601; baseline -0.003 -21"><span class='ocrx_word' id='word_1_320' title='bbox 336 4516 454 4598; x_wconf 85' lang='lat' dir='ltr'><strong>Itaque</strong></span> <span class='ocrx_word' id='word_1_321' title='bbox 469 4518 552 4581; x_wconf 94' lang='lat' dir='ltr'><strong>ordo</strong></span> <span class='ocrx_word' id='word_1_322' title='bbox 567 4537 699 4601; x_wconf 90' lang='lat' dir='ltr'><strong>quoque</strong></span> <span class='ocrx_word' id='word_1_323' title='bbox 715 4517 960 4582; x_wconf 86' lang='lat' dir='ltr'><strong>demonstrandi</strong></span> <span class='ocrx_word' id='word_1_324' title='bbox 977 4516 1075 4600; x_wconf 90' lang='lat' dir='ltr'><strong>plane</strong></span> <span class='ocrx_word' id='word_1_325' title='bbox 1093 4517 1272 4580; x_wconf 88' lang='lat' dir='ltr'><strong>invertitur.</strong></span> <span class='ocrx_word' id='word_1_326' title='bbox 1318 4514 1440 4579; x_wconf 91' lang='lat' dir='ltr'><strong>Adhuc</strong></span> 
     </span>
    </p>
   </div>
   <div class='ocr_carea' id='block_1_3' title="bbox 0 0 1682 5152">
    <p class='ocr_par' dir='ltr' id='par_1_6' title="bbox 0 0 1682 5152">
     <span class='ocr_line' id='line_1_41' title="bbox 0 0 1682 5152; baseline 0 0"><span class='ocrx_word' id='word_1_327' title='bbox 0 0 1682 5152; x_wconf 95' lang='lat' dir='ltr'><strong> </strong></span> 
     </span>
    </p>
   </div>
  </div>
 </body>
</html>
