3358 5152
307 401 370 483 296
684 404 841 462 woyurr
861 403 1080 459 orcarum.

306 592 463 655 magnum
479 581 569 635 certe
592 568 767 634 discrimen
783 571 869 633 inter
884 589 936 634 res
952 568 1062 632 civiles
1078 576 1113 632 et
1127 577 1214 632 artes
1221 567 1262 630 ⁸²:
1288 589 1353 632 non
1369 569 1456 633 enim

306 679 394 740 idem
410 675 591 758 periculum
607 697 627 738 a
642 694 729 737 novo
745 684 838 736 motu
854 684 888 738 et
903 693 923 736 a
939 693 1026 738 nova
1046 672 1127 738 luce.
1172 673 1297 736 Verum
1314 674 1347 736 in
1363 675 1458 738 rebus

305 780 453 845 civilibus
477 780 618 843 mutatio
644 778 745 842 etiam
769 777 803 840 in
828 776 944 840 melius
970 787 1123 860 suspecta
1148 787 1198 841 est
1223 778 1267 841 ob
1289 778 1458 860 perturba·

305 885 448 961 tionem;
473 904 548 948 curn
571 882 677 947 civilia
700 880 910 958 authoritate,
931 901 1100 957 consensu,
1119 881 1216 959 sama,
1237 893 1271 945 et
1294 881 1457 965 opinione,

306 1009 372 1052 non
387 985 711 1063 demonstratione⁸³,
726 987 882 1050 nitantur.
931 985 968 1048 ln
988 986 1114 1050 artibus
1128 997 1241 1050 autem
1257 996 1291 1049 et
1306 985 1457 1060 scientiis,

306 1105 465 1174 tanquam
496 1093 527 1154 in
557 1090 683 1154 metalli
710 1089 840 1168 fodinis,
867 1089 977 1153 omnia
1007 1090 1099 1153 novis
1129 1091 1282 1172 operibus
1309 1099 1343 1153 et
1374 1089 1458 1153 ulte-

306 1197 445 1260 rioribus
471 1183 699 1277 progressibus
719 1194 990 1276 circumstrepere
1012 1194 1146 1258 debent.
1199 1193 1317 1275 Atque
1343 1213 1458 1258 secun-

306 1303 385 1364 dum
410 1311 535 1364 rectam
560 1300 721 1362 rationem
745 1319 796 1360 res
822 1299 868 1361 ita
894 1318 930 1362 se
954 1297 1066 1373 habet,
1090 1297 1149 1361 sed
1172 1297 1302 1361 interim
1324 1318 1390 1361 non
1413 1299 1459 1361 ita

305 1405 444 1468 vivitur:
469 1403 527 1466 sed
544 1403 615 1480 ista,
631 1423 731 1485 quam
751 1403 906 1476 diximus,
923 1401 1144 1466 doctrinarum
1163 1402 1403 1466 administratio
1426 1413 1459 1465 et

307 1508 424 1592 politia
440 1508 651 1572 scientiarum
668 1516 848 1591 augmenta
862 1506 975 1569 durius
991 1526 1138 1589 premere
1153 1508 1331 1570 consuevit.

836 1694 929 1760 XCI.

350 1828 466 1911 Atque
496 1831 627 1914 insuper
656 1829 733 1895 licet
763 1831 827 1894 ista
857 1830 980 1895 invidia
1011 1831 1205 1905 cessaverit3
1238 1840 1351 1894 tamen
1380 1832 1458 1894 satis

307 1945 356 1998 est
374 1934 417 1997 ad
438 1934 658 1998 cohibendum
682 1944 898 2018 augmentum
916 1935 1135 2008 scientiarum,
1156 1936 1246 2017 quod
1269 1935 1457 2016 hujusmodi

308 2048 446 2102 conatus
477 2049 510 2102 et
541 2038 720 2103 industriae
752 2039 904 2121 praemiis
934 2050 1077 2104 careant.
1132 2039 1210 2103 Non
1241 2040 1327 2102 enim
1358 2059 1458 2120 penes

307 2142 440 2206 eosdem
464 2152 513 2205 est
537 2142 665 2206 cultura
689 2142 897 2207 scientiarum
925 2153 958 2206 et
985 2144 1179 2225 praemium.
1239 2141 1457 2207 Scientiarum

306 2246 394 2308 enim
424 2257 604 2328 augmenta
632 2268 653 2310 a
683 2247 811 2330 magnis
841 2247 956 2328 utique
991 2248 1130 2329 ingeniis
1167 2247 1364 2330 proveniunt
1378 2268 1386 2324 ;
1423 2257 1459 2310 at

307 2349 413 2431 pretia
435 2359 468 2412 et
491 2350 637 2432 praemia
653 2350 862 2414 scientiarum
873 2361 956 2417 sunt
972 2371 1073 2433 penes
1087 2350 1206 2432 vulgus
1222 2359 1279 2414 aut
1295 2351 1459 2434 principes

307 2452 403 2530 viros,
431 2453 488 2534 qui
512 2453 587 2534 (nisi
615 2474 687 2517 raro
713 2451 912 2540 admodum)
934 2455 992 2518 vix
1021 2455 1231 2519 mediocriter
1253 2455 1342 2519 docti
1371 2464 1458 2518 sunt.

307 2556 501 2639 Quinetiam
518 2555 708 2639 hujusmodi
729 2579 920 2641 progressus
935 2579 1002 2623 non
1018 2560 1124 2623 solum
1142 2560 1294 2642 praemiis
1311 2569 1344 2623 et
1360 2559 1458 2623 bene-

306 2659 437 2724 ficentia
459 2659 640 2740 hominum,
664 2681 778 2725 verum
801 2663 901 2727 etiam
923 2664 994 2745 ipsa
1014 2662 1163 2746 populari
1187 2663 1284 2728 laude
1309 2665 1458 2729 destituti

306 2775 393 2827 sunt.
441 2763 526 2828 Sunt
543 2766 630 2828 enim
645 2765 690 2828 illi
707 2787 805 2849 supra
826 2776 961 2850 captum
978 2769 1144 2830 maximae
1160 2769 1261 2851 partis
1279 2769 1458 2846 hominum,

308 2878 341 2932 et
361 2869 403 2930 ab
426 2869 619 2950 opinionum
635 2868 819 2951 vulgarium
840 2873 948 2934 ventis
970 2870 1064 2934 facile
1087 2872 1271 2936 obruuntur
1292 2883 1326 2936 et
1349 2873 1457 2936 extin-

306 2983 460 3053 guuntur.
508 2972 626 3055 Itaque
639 2973 684 3035 nil
698 2973 826 3051 mirum,
838 2976 865 3038 si
878 2995 930 3038 res
939 2973 996 3039 illa
1008 2995 1074 3040 non
1087 2975 1247 3040 foeliciter
1258 2977 1457 3054 successerit,

308 3096 393 3157 quae
410 3076 442 3137 in
457 3074 580 3141 honore
595 3097 660 3141 non
676 3077 745 3141 luit.

827 3181 940 3247 XCII.

353 3315 421 3378 Sed
453 3316 551 3398 longe
581 3318 766 3383 maximum
797 3322 1024 3403 progressibus
1054 3323 1276 3399 scientiarum,
1305 3335 1340 3388 et
1367 3324 1459 3387 novis

308 3421 419 3502 pensis
435 3439 473 3483 ac
489 3421 661 3504 provinciis
681 3422 714 3484 in
735 3423 851 3487 iisdem
870 3427 1096 3508 suscipiendis,
1112 3427 1319 3492 obstaculum
1343 3429 1459 3510 depre-

309 3523 465 3586 henditur
487 3524 518 3585 in
543 3525 773 3607 desperatione
795 3526 977 3608 hominum,
1001 3541 1033 3595 et
1057 3533 1284 3614 suppositione
1308 3532 1459 3614 impossi-

309 3626 392 3690 bilis.
440 3625 556 3690 Solent
588 3629 676 3690 enim
706 3630 766 3693 viri
796 3633 975 3713 prudentes
1006 3643 1039 3697 et
1070 3637 1173 3698 severi
1205 3637 1237 3697 in
1268 3635 1458 3716 hujusmodi

345 3845 367 3878 ⁶²
386 3850 436 3918 Cp.
453 3849 608 3904 Aristotle's
629 3851 751 3917 Politics,
766 3854 817 3909 Bk.
833 3852 861 3908 ii.
877 3855 920 3909 ch.
939 3856 961 3910 8.
981 3866 1062 3910 sects.
1083 3857 1121 3924 18,
1136 3871 1190 3923 24:
1215 3857 1314 3912 Ψεῦδος
1329 3858 1356 3910 δὲ
1374 3860 1460 3912 καὶτὸ

309 3931 470 4003 παράδειγμα
482 3933 512 3986 τὸ
524 3955 582 4003 περι

310 4017 389 4085 νόμος
401 4015 479 4086 ἰσχὺν
495 4016 615 4085 οὐδεμίαν
631 4017 686 4088 ἔχει
701 4019 766 4087 πρὸς
782 4021 814 4074 τὸ
831 4019 966 4076 πείθεσθαι
984 4022 1054 4090 πλὴν
1070 4023 1139 4091 παρὰ
1158 4023 1188 4076 τὸ
1206 4023 1272 4092 ἔθος,
1291 4029 1368 4078 τοῦτο
1387 4023 1410 4078 δ’
1431 4027 1460 4080 οὗ

310 4095 406 4168 γίνεται
419 4099 441 4152 ei
453 4099 487 4167 μὴ
500 4099 542 4153 διὰ
555 4099 651 4170 χρόνον
663 4103 771 4169 πλῆθος,
783 4105 859 4158 rr.r.h.

346 4179 367 4211 ⁸³
385 4183 479 4236 These
496 4184 620 4238 remarks
636 4202 683 4239 are
702 4195 752 4239 not
769 4185 953 4241 inconsistent
969 4187 1035 4241 with
1053 4188 1126 4242 what
1144 4191 1238 4244 Bacon
1256 4208 1320 4259 says
1338 4191 1367 4246 in
1386 4194 1459 4262 Aph.

314 4277 372 4330 127,
385 4265 476 4319 where
488 4267 524 4320 he
536 4283 655 4336 appears
668 4279 696 4322 to
709 4271 896 4338 contemplate
909 4271 955 4325 the
969 4271 1125 4340 possibility
1137 4273 1167 4326 oi
1175 4290 1193 4327 a
1206 4274 1327 4342 political
1340 4274 1462 4342 science,

310 4347 482 4402 established
495 4349 532 4417 by
546 4349 697 4405 induction.
733 4352 780 4406 All
794 4352 854 4406 that
868 4352 903 4406 he
916 4370 1014 4407 means
1030 4356 1095 4409 here
1113 4355 1136 4409 is
1153 4357 1214 4410 that
1231 4359 1278 4412 the
1296 4358 1419 4428 stability
1432 4359 1464 4412 ol

311 4442 523 4498 agovernment
534 4432 660 4502 depends
675 4443 723 4488 not
742 4452 779 4489 on
798 4437 846 4490 the
865 4453 980 4492 reasons
992 4437 1082 4492 which
1101 4456 1154 4493 can
1173 4441 1208 4494 be
1226 4441 1359 4510 assigned
1378 4441 1406 4496 in
1425 4442 1460 4496 its

310 4513 414 4580 iavour,
427 4514 476 4568 but
489 4531 525 4568 on
538 4516 686 4585 authority,
699 4535 792 4588 usage,
804 4529 906 4586 assent,
920 4521 971 4575 &a
