3308 5152
309 390 366 452 160
607 394 816 452 EPISTOLA
840 394 1140 451 DEDICATORIA.

303 565 405 630 affero
421 563 464 628 sit
480 562 566 637 boni,
584 563 616 627 id
639 563 819 628 immensae
842 561 1084 627 misericordiae
1106 572 1140 626 et
1161 562 1302 628 bonitati
1321 563 1451 628 divinae

303 680 336 732 et
348 668 516 733 foelicitati
532 678 720 751 temporum
736 676 869 730 tuorum
887 666 1071 729 tribuatur:
1094 666 1145 731 cui
1161 677 1195 730 et
1206 668 1299 731 vivus
1312 667 1453 751 integer-

304 774 387 837 rimo
407 772 527 836 affectu
549 771 676 847 servivi,
703 780 907 854 etmortuus
930 770 1070 834 sortasse
1094 770 1129 833 id
1159 770 1308 848 effecer0,
1335 783 1371 835 ut
1399 771 1454 834 illa

302 876 498 960 posteritati,
525 897 611 940 nova
636 876 699 939 hac
725 895 863 941 accensa
886 874 958 938 sace
984 875 1017 937 in
1043 874 1275 958 philosophiae
1300 875 1454 950 tenebris,

302 980 490 1063 praelucere
510 981 647 1064 possint.
693 979 816 1044 Merito
837 988 949 1042 autem
970 979 1174 1061 temporibus
1195 981 1282 1063 regis
1304 981 1452 1045 omnium

302 1085 533 1168 sapientissimi
563 1096 598 1148 et
627 1084 809 1152 doctissimi
842 1084 1067 1169 Regeneratio
1090 1084 1155 1149 ista
1184 1096 1218 1148 et
1251 1086 1452 1150 Instauratio

303 1191 513 1255 scientiarum
543 1190 690 1253 debetur.
745 1187 903 1272 Superest
934 1189 1061 1273 petitio,
1092 1187 1271 1271 Majestate
1300 1199 1359 1254 tua
1387 1211 1453 1254 non

303 1295 447 1378 indigna,
470 1304 503 1358 et
527 1295 674 1358 maxime
696 1293 843 1358 omniurn
866 1292 986 1358 iaciens
1008 1295 1052 1357 ad
1076 1293 1109 1356 id
1128 1295 1218 1376 quod
1237 1294 1355 1378 agitur.
1402 1295 1454 1359 Ea

303 1411 363 1477 est,
390 1409 426 1463 ut
454 1400 587 1482 quando
618 1397 832 1462 Salomonem
864 1398 895 1460 in
926 1397 1077 1480 plurimis
1104 1398 1231 1475 reseras,
1254 1399 1453 1481 judiciorum

303 1504 474 1588 gravitate,
489 1524 590 1587 regno
611 1502 759 1585 pacifico,
786 1503 894 1567 cordis
921 1500 1105 1579 latitudine,
1129 1501 1289 1566 librorum
1312 1503 1454 1585 denique

304 1629 387 1690 quos
417 1607 631 1691 composuisti
661 1604 763 1670 nobili
793 1607 963 1682 varietate,
999 1606 1100 1669 etiarn
1130 1604 1194 1671 hoc
1227 1607 1270 1671 ad
1303 1605 1452 1688 ejusdem

304 1712 390 1795 regis
421 1711 612 1794 exemplum
643 1711 757 1786 addas,
787 1720 824 1776 ut
854 1731 946 1775 cures
978 1710 1162 1774 Historiam
1193 1711 1390 1775 Naturalem
1420 1720 1453 1774 et

305 1813 620 1900 Experimentalem,
656 1834 768 1878 veram
807 1824 841 1878 et
879 1833 1027 1877 severam
1066 1810 1188 1898 (missis
1222 1811 1453 1898 philologieis),

304 1929 338 1985 et
367 1940 453 2002 quae
480 1919 523 1982 sit
553 1919 586 1981 in
616 1919 732 1982 ordine
761 1918 804 1981 ad
835 1918 1042 1981 condendam
1073 1917 1328 2001 philosophiam,
1362 1919 1453 1983 deni-

303 2045 368 2107 que
399 2022 530 2106 qualem
560 2043 620 2086 suo
651 2022 725 2086 loco
758 2021 991 2098 describemus,
1021 2022 1153 2104 congeri
1184 2032 1217 2086 et
1248 2022 1382 2106 perfici:
1417 2033 1454 2085 ut

303 2130 439 2192 tandem
463 2136 539 2210 post
562 2136 613 2189 tot
636 2126 751 2189 mundi
773 2135 900 2190 aetates
922 2125 1133 2209 philosophia
1156 2136 1189 2189 et
1212 2127 1368 2190 scientiae
1388 2146 1453 2191 non

304 2232 369 2295 sint
409 2230 552 2312 amplius
588 2230 730 2313 pensiles
764 2239 798 2293 et
836 2236 960 2306 ae'reae,
998 2230 1057 2293 sed
1087 2229 1200 2293 solidis
1230 2230 1454 2312 experientiae

391 2332 598 2413 omnigenae,
630 2329 845 2411 ejusdemque
879 2332 963 2394 bene
996 2329 1191 2412 pensitatae,
1221 2330 1369 2394 nitantur

434 2434 666 2498 fundamentis.
712 2433 876 2515 Equidem
894 2433 1065 2517 Organum
1086 2434 1246 2518 praebui3
1268 2455 1324 2497 ve-

490 2560 562 2602 rum
588 2537 741 2624 materies
765 2559 786 2602 a
812 2537 909 2601 rebus
936 2539 1015 2619 ipsis
1040 2539 1183 2619 petenda
1210 2548 1269 2602 est.

596 2644 688 2706 Deus
715 2642 794 2725 Opt.
825 2642 919 2704 Max.
951 2641 1163 2724 Majestatem

665 2759 758 2812 tuam
785 2747 842 2811 diu
867 2757 974 2810 servet
1005 2747 1094 2810 inco-

812 2851 946 2915 lumem.

622 3319 855 3385 Serenissimae
873 3319 1050 3404 Majestati
1071 3331 1145 3386 tuae

774 3457 902 3522 Servus
922 3458 1193 3535 devinctissimus

1122 3606 1155 3660 et

1005 3733 1239 3810 devotissimus,

862 3912 1166 3979 FRANCISCUS
1201 3911 1454 3989 VERULAM‚

1001 4049 1301 4116 cunemannus.
