3104 5136
308 403 373 472 510
690 395 846 452 novun
865 393 1085 452 onoratur.

311 585 499 652 occasiones
525 586 713 661 abortuum,
740 594 774 650 et
798 585 1019 662 venationum,
1047 594 1083 649 et
1111 577 1332 647 similium.
1382 568 1491 634 omar

310 691 411 774 igitur
434 690 547 774 vigilia
573 691 736 772 quaedam
763 691 924 754 servanda
950 701 1000 754 est
1024 690 1111 753 circa
1137 693 1358 752 naturam,
1382 685 1418 738 ut
1441 697 1498 756 car

310 792 428 858 melius
443 813 479 857 se
495 795 760 875 conspiciendam
776 794 932 877 praebeat
947 801 1046 857 noctu
1063 811 1178 874 quarn
1202 781 1396 850 interdiu
1439 779 1499 840 les

310 897 398 964 enim
419 896 719 980 contemplationes
740 909 900 980 tanquam
921 907 1101 962 nocturnae
1122 888 1292 959 censeri
1318 885 1461 970 possint.
1478 907 1501 945 ·:

311 1001 462 1066 lucernae
477 1001 677 1082 parvitatem
694 1011 729 1066 et
745 1001 1042 1085 perpetuationem.

356 1103 446 1187 Quin
470 1105 558 1168 etin
585 1105 774 1169 inanimatis
802 1105 889 1168 idem
911 1103 1111 1168 tentandum
1137 1113 1227 1177 est;
1271 1097 1317 1161 id
1350 1096 1448 1176 quod
1467 1115 1504 1154 n:-

311 1209 449 1274 fecimus
464 1209 496 1273 in
512 1208 714 1290 inquirendis
732 1209 895 1290 aperturis
910 1208 1075 1290 liquorum
1093 1209 1329 1292 perignem
1342 1196 1388 1260 ⁸⁴.
1435 1197 1507 1260 Ass

313 1308 401 1374 enim
417 1319 468 1373 est
484 1309 602 1373 modus
617 1319 790 1391 aperturae
806 1308 838 1370 in
854 1328 952 1389 aqua,
963 1306 1048 1371 alius
1064 1308 1096 1370 in
1111 1308 1214 1382 vino,
1236 1302 1354 1366 alius
1372 1300 1410 1362 in
1426 1314 1501 1361 acet*

313 1414 397 1478 alius
412 1413 445 1476 in
461 1411 687 1496 omphaci0⁸⁵3
711 1412 811 1494 longe
826 1412 910 1475 alius
926 1412 957 1475 in
974 1411 1070 1488 lacte,
1087 1421 1123 1475 et
1138 1411 1244 1483 ole0,
1269 1416 1317 1470 et
1338 1399 1496 1467 caeteri*

315 1517 355 1582 Id
369 1519 458 1600 quod
470 1516 564 1580 lacile
575 1536 708 1581 cernere
724 1526 795 1581 erat
807 1537 865 1598 per
874 1516 1100 1580 ebullitionem
1116 1534 1232 1596 super
1251 1513 1395 1594 ignem
1410 1507 1507 1570 lenes„

314 1633 348 1687 et
369 1622 402 1684 in
422 1641 501 1684 vase
519 1621 634 1698 vitre0,
653 1620 709 1683 ubi
731 1620 842 1685 omnia
861 1621 949 1684 cerni
970 1621 1143 1704 perspicue
1163 1617 1348 1702 possint.
1401 1610 1504 1674 Vera:

314 1727 397 1790 haec
412 1724 543 1788 brevius
560 1724 830 1807 perstringimus3
851 1724 954 1788 fusius
969 1734 1002 1789 et
1018 1724 1170 1788 exactius
1195 1724 1250 1786 de
1273 1721 1326 1783 iis
1346 1735 1505 1780 sermones

315 1827 467 1906 habituri,
483 1847 559 1892 cum
574 1830 618 1892 ad
629 1827 850 1892 inventionem
862 1830 993 1892 lateatis
1008 1849 1114 1892 rerum
1119 1839 1326 1910 processus
1335 1820 1370 1858 ⁸⁷
1382 1829 1499 1884 wentam

316 1935 387 1996 erit.
434 1931 574 2015 Semper
595 1933 681 1996 enim
703 1933 863 1997 memoria
883 1933 1062 1997 tenendum
1081 1941 1141 2008 est,
1156 1952 1222 1994 nos
1244 1930 1333 1992 hoc
1352 1925 1435 1988 loco
1451 1943 1502 1984 non

317 2057 369 2102 res
384 2035 473 2124 ipsas
487 2047 639 2116 tractare,
654 2038 712 2101 sed
729 2036 885 2122 exempla
900 2045 1030 2100 tantum
1046 2036 1224 2102 adducere
1539 2011 1540 2068 l

837 2225 951 2290 XLII.

363 2363 454 2427 Inter
462 2365 713 2446 praerogativas
725 2364 961 2428 instantiarum
973 2381 1134 2446 ponemus
1150 2361 1226 2427 loco
1242 2359 1405 2426 decimo
1420 2375 1493 2418 nona

319 2465 505 2532 Instantias
529 2467 756 2550 staplemerea
781 2468 849 2531 sive
877 2467 1150 2540 Substitutrorrffl
1181 2487 1270 2548 quas
1303 2464 1419 2528 etiarn
1442 2460 1489 2520 la-

322 2735 366 2780 tur
384 2722 467 2779 simul
485 2734 513 2779 et
531 2723 708 2792 humanitati,
721 2742 776 2779 non
794 2735 838 2780 est
856 2724 972 2780 omnino
988 2725 1140 2796 rejicienda
1157 2724 1324 2779 Anatomia
1347 2721 1486 2776 etiamn

321 2825 412 2878 neque
427 2808 464 2861 ad
479 2806 605 2862 fortuitas
622 2808 840 2877 chirurgicorum
857 2808 1045 2878 inspectiones
1063 2809 1149 2879 (quod
1168 2809 1272 2862 Celsus
1291 2805 1382 2870 lecit)
1399 2801 1480 2856 remil-

321 2892 426 2958 tenda3
446 2908 509 2945 cum
526 2891 579 2944 hoc
595 2890 686 2960 ipsum
706 2892 777 2946 bene
796 2891 919 2961 expediri
938 2892 1027 2963 possit
1045 2909 1096 2961 per
1112 2891 1321 2946 dissectionem
1343 2891 1481 2943 brutorum
1527 2928 1530 2965 Ι

322 2974 448 3028 vivorum
462 2990 541 3043 quae,
555 2991 613 3028 non
625 2974 757 3028 obstante
770 2991 882 3028 suarum
901 2975 1022 3044 partium
1041 2974 1271 3030 dissimilitudine
1287 2975 1329 3030 ab
1347 2967 1477 3027 humanis
1523 2967 1527 3014 l

322 3057 388 3111 huic
398 3056 567 3127 inquisitioni
578 3056 704 3112 adhibito
711 3057 817 3128 judicio
827 3057 985 3112 satisfacere
995 3057 1120 3127 possint!
1163 3059 1196 3111 ln
1207 3060 1255 3113 the
1266 3059 1344 3128 light
1355 3056 1389 3110 ol
1396 3060 1479 3107 recem

323 3140 536 3206 controversies,
548 3140 567 3195 it
581 3141 605 3194 is
618 3140 727 3196 curious
739 3152 769 3196 to
779 3141 869 3196 notice
882 3142 951 3208 that,
962 3141 990 3194 in
1001 3141 1110 3210 writing
1118 3142 1197 3196 these
1207 3159 1363 3211 passages,
1375 3137 1397 3194 it
1406 3149 1480 3190 nevel

325 3239 418 3277 seems
432 3233 460 3276 to
473 3222 545 3277 have
558 3223 672 3278 crossed
692 3225 810 3278 Baeon's
829 3223 909 3278 mind
927 3225 987 3279 that
1005 3226 1083 3279 there
1101 3223 1191 3294 might
1208 3225 1244 3279 be
1263 3221 1435 3294 objections,
1446 3234 1474 3269 ⁰¹¹

323 3313 412 3366 moral
421 3311 478 3364 and
486 3310 715 3366 ‘humanitan'an’
725 3311 858 3382 grounds,
869 3322 897 3366 to
907 3312 956 3366 the
964 3311 1127 3367 vivisection
1136 3329 1207 3367 even
1217 3313 1249 3366 ol
1258 3314 1347 3367 brute
1357 3306 1476 3366 animala

324 3395 370 3449 On
383 3394 432 3448 the
445 3394 534 3446 moral
549 3404 645 3464 aspect
665 3396 696 3449 of
712 3395 769 3450 this
789 3395 904 3465 subject,
917 3396 973 3450 and
994 3394 1026 3450 ol
1041 3396 1089 3450 the
1108 3405 1258 3450 treatment
1279 3395 1311 3450 ol
1330 3397 1384 3450 the
1402 3393 1473 3446 lower

324 3476 443 3531 animals
463 3477 612 3547 generally,
634 3479 644 3531 l
666 3479 738 3535 have
758 3480 865 3550 spoken
885 3478 983 3548 brietly
1002 3479 1029 3534 in
1048 3495 1097 3550 my
1109 3479 1305 3548 ‘Progressive
1328 3471 1472 3540 Moralityi'

325 3582 372 3635 n>-
388 3565 517 3633 ι93-198·

360 3645 383 3677 ⁸⁴
401 3650 455 3702 See
468 3657 548 3704 notes
560 3665 597 3703 on
610 3650 663 3704 last
673 3649 825 3720 Aphorism
838 3651 894 3705 and
907 3651 955 3704 the
967 3667 1102 3720 passages
1115 3651 1143 3704 in
1154 3651 1202 3704 the
1214 3649 1344 3705 Historia
1356 3645 1442 3704 Densi
1450 3656 1471 3697 et

326 3731 402 3799 Rari,
416 3732 476 3798 dc,
489 3733 568 3787 there
581 3733 702 3788 referred
715 3743 752 3789 to.
790 3735 962 3804 ‘Apertura,’
974 3750 1006 3788 as
1021 3735 1075 3788 Mr.
1089 3733 1158 3788 Ellis
1170 3734 1306 3801 remarks,
1319 3749 1423 3789 means
1434 3729 1474 3782 the

326 3831 404 3870 same
417 3815 498 3884 thing
511 3833 543 3870 as
556 3815 733 3886 ‘Expansio'
772 3818 797 3871 lt
808 3835 864 3872 was
874 3835 891 3871 a
900 3819 1014 3886 general
1027 3827 1105 3885 term,
1116 3817 1186 3872 used
1199 3818 1237 3888 by
1247 3819 1295 3872 the
1307 3817 1440 3872 chemists
1448 3811 1471 3864 ol

326 3899 388 3952 that
401 3898 506 3968 period,
517 3909 545 3954 to
559 3899 661 3969 signily
670 3901 719 3955 the
729 3898 920 3954 modification
930 3901 1021 3954 which
1031 3918 1049 3955 a
1059 3901 1210 3956 substance
1222 3901 1392 3971 undergoes,
1402 3897 1471 3952 when

327 3981 348 4037 it
360 3981 483 4036 receives
495 3983 622 4049 another,
632 4001 664 4038 as
673 3983 694 4037 it
705 4001 784 4049 were,
795 3984 853 4038 into
865 3983 899 4038 its
912 3986 1019 4040 bosom.

364 4062 386 4093 ⁸⁶
404 4064 541 4134 ὀμφάκιον,
554 4068 670 4121 ‘succus
682 4085 716 4122 ex
728 4068 789 4121 olea
802 4077 849 4120 aut
862 4084 916 4122 uva
928 4084 1084 4138 expressus,
1096 4066 1257 4138 priusquam
1276 4068 1340 4122 cibo
1359 4077 1405 4124 aut
1415 4063 1470 4120 viro

328 4155 454 4203 maturae
467 4148 540 4204 sint!
552 4150 712 4206 Facciolati.
749 4153 803 4207 See
817 4150 906 4220 Pliny,
920 4153 988 4207 Nat.
1003 4151 1076 4206 Hist.
1089 4151 1134 4206 xii.
1148 4163 1181 4218 27
1196 4150 1263 4220 (60),
1274 4161 1357 4206 sects.
1370 4159 1465 4223 130-311

328 4229 401 4286 xxiii.
415 4231 451 4285 ad
465 4231 533 4300 init,
546 4234 602 4287 and
616 4235 695 4289 other
707 4250 849 4304 passages.

365 4315 388 4347 ⁸⁶
407 4319 460 4373 See
474 4320 600 4375 Historia
614 4321 703 4376 Densi
716 4331 744 4376 et
757 4321 832 4388 Rari,
847 4323 879 4376 E.
893 4321 950 4376 and
964 4323 1002 4388 S,
1015 4323 1069 4376 vol.
1083 4321 1111 4377 ii.
1123 4337 1170 4393 pp.
1184 4323 1280 4390 268-9.

365 4401 388 4434 ⁸⁷
407 4405 458 4475 Cp.
477 4405 504 4460 ii.
525 4420 558 4480 52
577 4408 614 4462 ad
633 4409 678 4464 fin.
727 4407 798 4462 This
817 4419 879 4477 part
898 4408 931 4462 ol
952 4409 1000 4464 the
1022 4409 1136 4464 Novum
1157 4409 1301 4479 Organum
1321 4426 1377 4466 was
1394 4421 1464 4464 never

330 4491 445 4547 written.
