3280 5238
662 421 740 480 ΜΒ.
764 419 808 477 ll.
831 413 882 498 36.
1279 427 1343 498 473

192 587 423 673 magneticam,
454 587 550 652 aliter
579 605 713 670 prorsus
745 583 965 666 abjudicanda
999 594 1058 648 est.
1107 582 1183 648 Hoc
1206 605 1284 648 vero
1310 583 1342 648 in

192 693 283 759 fretis
299 714 358 777 per
373 693 475 756 lineas
490 693 639 756 nauticas
658 711 724 755 non
745 689 877 755 difficile
897 699 947 754 est
968 689 1110 772 experiri
1121 687 1166 764 90;
1190 686 1345 753 videlicet

193 808 304 861 utrum
320 799 353 861 in
369 796 551 861 refluxibus
566 815 679 860 versus
699 795 845 858 medium
862 793 969 871 maris,
985 813 1076 857 mare
1098 812 1164 856 non
1181 792 1222 856 sit
1239 793 1344 875 magis

192 900 297 966 altum
320 901 389 965 sive
412 900 611 984 profundum
635 920 736 983 quam
760 899 793 962 in
817 898 974 962 fluxibus.
1020 897 1214 960 Notandum
1230 907 1343 960 autem

192 1014 253 1084 est,
275 1006 302 1069 si
325 1006 390 1070 hoc
417 1005 464 1068 ita
486 1005 538 1080 sit,
563 1004 632 1067 fieri
658 999 786 1088 (contra
817 1023 855 1066 ac
882 999 1040 1084 creditur)
1064 1010 1100 1064 ut
1127 1000 1281 1065 attollant
1307 1021 1344 1064 se

192 1130 298 1192 aquae
321 1111 354 1172 in
378 1108 570 1186 refluxibus,
589 1109 767 1172 demittant
789 1129 825 1172 se
848 1117 978 1171 tantum
1003 1107 1035 1169 in
1059 1105 1214 1185 fluxibus,
1237 1104 1283 1171 ita
1306 1116 1344 1171 ut

193 1213 304 1278 littora
319 1213 462 1277 vestiant
478 1223 512 1277 et
529 1213 697 1276 inundent.

236 1314 285 1405 (2)
311 1317 482 1394 Similiter,
504 1319 548 1381 sit
570 1327 688 1381 natura
715 1315 870 1398 inquisita
894 1313 1006 1378 Motus
1030 1313 1220 1380 Rotationis
1246 1333 1343 1396 spon·

192 1420 365 1498 taneus⁹¹;
388 1432 422 1485 et
445 1421 627 1502 speciatim,
650 1430 760 1484 utrum
784 1419 899 1483 Motus
923 1419 1077 1496 Uiuimus,
1094 1439 1152 1502 per
1172 1437 1271 1500 quem
1292 1415 1343 1482 sol

192 1535 226 1590 et
251 1526 366 1590 stellae
393 1525 437 1589 ad
462 1535 676 1608 conspectum
701 1533 851 1587 nostrum
879 1523 1030 1587 oriuntur
1053 1533 1086 1585 et
1113 1521 1275 1598 occidunt,
1299 1521 1343 1585 sit

194 1641 303 1694 motus
323 1629 494 1694 rotationis
517 1649 612 1694 verus
636 1629 669 1692 in
692 1628 898 1704 coelestibus,
915 1636 973 1690 aut
995 1635 1105 1690 motus
1128 1645 1289 1710 apparens
1311 1626 1343 1689 in

192 1735 398 1808 coelestibus,
415 1754 511 1797 verus
528 1734 560 1797 in
576 1743 672 1797 terra.
723 1733 848 1796 Poterit
864 1752 935 1796 esse
950 1731 1113 1794 instantia
1127 1730 1231 1794 crucis
1245 1751 1344 1812 super

192 1839 256 1903 hoc
279 1838 464 1919 subjectum
486 1837 571 1901 talis.
617 1835 654 1900 Si
678 1837 863 1901 inveniatur
886 1846 997 1900 motus
1019 1833 1139 1916 aliquis
1161 1835 1195 1898 in
1218 1855 1344 1898 oceano

192 1943 237 2007 ab
259 1943 384 2006 oriente
407 1941 440 2004 in
464 1942 679 2019 occidentem,
695 1941 771 2005 licet
790 1941 972 2004 admodum
997 1939 1173 2022 languidus
1196 1947 1229 2001 et
1252 1958 1344 2001 ener-

193 2056 311 2122 vatus3
343 2047 370 2110 si
401 2045 488 2110 idem
520 2055 630 2109 motus
662 2045 844 2128 reperiatur
874 2044 973 2127 paulo
1004 2043 1169 2107 incitatior
1198 2041 1230 2105 in
1258 2048 1342 2118 a'e're,

192 2150 386 2233 praesertim
415 2151 500 2214 intra
524 2150 680 2232 tropicos,
705 2149 761 2212 ubi
792 2159 928 2232 propter
958 2147 1099 2229 majores
1131 2145 1269 2211 circulos
1293 2154 1344 2211 est

194 2255 300 2337 magis
316 2251 539 2337 perceptibilis
554 2277 561 2330 ;
586 2255 613 2316 si
633 2254 721 2317 idem
738 2263 850 2316 motus
869 2251 1049 2335 reperiatur
1065 2251 1097 2313 in
1113 2249 1344 2313 humilioribus

193 2359 342 2432 cometis,
357 2357 427 2440 jam
445 2357 548 2422 sactus
563 2359 655 2421 vivus
672 2366 705 2422 et
714 2358 863 2432 validus;
887 2357 914 2418 si
931 2356 1018 2420 idem
1037 2365 1148 2418 motus
1164 2355 1346 2438 reperiatur

194 2463 226 2526 in
242 2463 392 2544 planetis,
409 2463 455 2525 ita
469 2473 582 2526 tamen
599 2461 807 2544 dispensatus
826 2470 859 2524 et
874 2461 1056 2543 graduatus
1072 2468 1108 2522 ut
1123 2479 1190 2542 quo
1209 2460 1345 2543 propius

193 2567 281 2630 absit
302 2587 322 2630 a
344 2577 430 2629 terra
453 2566 497 2630 sit
518 2567 653 2644 tardior,
672 2587 738 2648 quo
760 2565 890 2647 longius
913 2563 1058 2636 celerior,
1073 2573 1174 2646 atque
1195 2564 1227 2626 in
1248 2564 1344 2628 coelo

193 2671 329 2734 demum
345 2670 477 2734 stellato
492 2670 534 2734 sit
546 2669 788 2734 velocissimus:
812 2679 884 2732 tum
900 2678 990 2732 certe
1006 2669 1105 2750 recipi
1117 2668 1218 2731 debet
1235 2677 1344 2730 motus

194 2774 331 2838 diurnus
354 2795 415 2857 pro
430 2794 508 2838 vero
532 2773 564 2837 in
588 2774 696 2860 coelis,
716 2783 750 2838 et
772 2774 988 2856 abnegandus
1010 2783 1061 2835 est
1083 2782 1194 2836 motus
1218 2781 1345 2849 terrae;

194 2879 272 2961 quia
296 2878 505 2942 manifestum
528 2880 598 2954 erit,
622 2889 750 2941 motum
773 2879 817 2941 ab
840 2878 966 2941 oriente
989 2877 1021 2939 in
1043 2877 1249 2941 occidentem
1273 2897 1345 2941 esse

193 2983 291 3066 plane
307 3003 346 3046 co
365 2983 485 3046 micum
509 2992 602 3046 etex
621 3002 781 3047 consensu
798 2981 948 3058 universi,
964 2981 1022 3063 qui
1045 2981 1077 3042 in
1096 2979 1344 3044 summitatibus

195 3087 277 3151 coeli
301 3086 447 3150 maxime
469 3087 602 3168 rapidus
625 3087 788 3168 gradatim
812 3085 966 3158 labascat,
990 3093 1024 3148 et
1049 3085 1187 3148 tandem
1213 3083 1344 3149 desinat

196 3199 229 3253 et
245 3189 460 3272 extinguatur
477 3190 509 3253 in
525 3190 699 3270 immobili,
714 3189 866 3254 videlicet
882 3200 969 3254 terra
980 3186 1017 3251 ⁹².

230 3497 252 3530 ⁸⁰
270 3499 323 3553 ‘ln
336 3498 428 3554 iretis'
442 3500 490 3554 the
503 3499 576 3556 tides
588 3517 636 3556 are
649 3499 811 3569 derivative,
824 3500 889 3568 and,
900 3499 1105 3571 consequently,
1116 3500 1163 3554 the
1174 3495 1345 3568 experiment

194 3583 284 3638 would
298 3593 347 3638 not
359 3583 395 3638 be
404 3583 570 3638 conclusive.

230 3665 251 3698 ⁹¹
270 3667 312 3722 Ol
319 3665 376 3722 this
390 3666 499 3721 ‘motus
512 3666 656 3722 rotationis
670 3669 855 3738 spontaneus’
868 3683 908 3722 we
921 3665 993 3720 shall
1005 3665 1073 3721 hear
1085 3681 1162 3720 more
1174 3664 1203 3719 in
1216 3665 1291 3736 Aph.
1300 3665 1344 3733 48,

195 3751 292 3805 Motus
304 3749 368 3804 xvii.
405 3751 459 3805 See
470 3750 529 3804 also
538 3751 612 3820 Aph
624 3763 647 3820 5,
655 3752 693 3806 ad
706 3751 752 3806 fin.
789 3753 882 3806 These
891 3767 1028 3821 passages
1037 3750 1114 3803 show
1124 3749 1186 3802 how
1195 3749 1239 3803 iar
1248 3751 1344 3804 Bacon

193 3854 249 3892 was
261 3837 333 3892 from
345 3835 449 3906 having
461 3837 569 3894 formed
580 3855 635 3907 any
648 3847 707 3894 true
720 3838 883 3908 conception
895 3839 929 3893 os
937 3837 985 3892 the
997 3848 1095 3891 nature
1108 3837 1138 3891 ol
1148 3836 1265 3891 Motion.

229 3923 250 3955 ⁹²
270 3925 299 3978 li
307 3924 355 3980 the
367 3925 492 3980 heavens
504 3926 638 3981 revolved
647 3926 711 3980 with
724 3943 761 3980 an
774 3926 893 3981 unilonn
905 3925 1012 3980 motion
1025 3924 1115 3978 round
1128 3925 1176 3979 the
1187 3925 1276 3991 earth,
1286 3923 1307 3979 it
1319 3924 1344 3980 is

193 4005 269 4078 plain
282 4009 343 4062 that
357 4008 405 4062 the
418 4025 496 4063 more
508 4021 614 4064 remote
626 4027 645 4063 a
655 4009 734 4080 point
747 4009 771 4064 is
780 4009 851 4064 [rom
860 4010 908 4064 the
918 4010 1006 4077 earth,
1015 4009 1063 4063 the
1076 4025 1152 4062 more
1162 4008 1241 4078 rapid
1251 4008 1343 4062 would

193 4091 229 4146 be
248 4089 283 4146 its
299 4090 415 4146 motion.
453 4094 517 4160 But,
531 4109 652 4163 suppose
671 4093 718 4148 the
734 4093 813 4148 earth
829 4104 858 4148 to
876 4094 986 4148 revolve
1003 4109 1039 4146 on
1057 4092 1092 4146 its
1108 4091 1175 4158 axis,
1190 4109 1230 4146 we
1243 4091 1343 4146 should

194 4175 266 4229 have
278 4175 387 4246 exactly
399 4175 447 4230 the
463 4192 543 4230 same
560 4186 601 4230 set
619 4176 651 4230 oi
662 4193 852 4246 appearances
869 4193 901 4232 as
918 4194 955 4230 on
972 4177 1020 4231 the
1038 4176 1141 4230 former
1159 4173 1343 4244 supposition,

192 4258 258 4327 and,
278 4258 302 4312 il
316 4276 357 4313 we
375 4275 447 4313 were
467 4257 595 4328 ignorant
611 4259 643 4314 ol
657 4260 705 4314 the
723 4260 779 4314 lact
799 4259 830 4314 os
848 4261 896 4315 the
917 4261 1020 4315 earth's
1041 4258 1171 4325 rotation,
1184 4276 1225 4313 we
1242 4260 1343 4315 should

194 4341 314 4410 imagine
327 4359 345 4396 a
357 4341 462 4397 distant
475 4342 555 4412 point
567 4353 597 4398 to
609 4359 692 4398 move
705 4343 770 4398 with
786 4343 870 4398 much
887 4355 996 4414 greater
1010 4342 1130 4413 rapidity
1142 4343 1210 4396 than
1227 4361 1245 4397 a
1264 4341 1344 4413 point

193 4423 284 4479 which
299 4425 321 4480 is
338 4443 414 4480 near.
452 4428 552 4481 Hence
569 4427 616 4482 the
633 4425 792 4482 conditione
808 4427 840 4481 oi
854 4427 909 4481 this
930 4427 1065 4482 so·called
1079 4426 1189 4482 Crucial
1203 4427 1343 4494 lnstance,

191 4525 263 4566 even
275 4507 300 4563 ir
308 4509 441 4579 satisfied,
454 4509 543 4564 would
561 4509 672 4596 equally
684 4511 744 4566 well
761 4510 814 4566 suit
831 4510 921 4566 either
937 4510 1109 4582 hypothesis.
1146 4511 1202 4566 But
1217 4511 1284 4582 they
1296 4527 1344 4569 are
