3342 5152
290 365 354 449 368
669 376 826 432 NOVUM
846 375 1063 432 ORGANUM.

291 561 388 623 posse
403 540 611 626 operationes
627 541 793 605 radiorum
809 539 896 616 solis,
908 551 1010 622 atque
1025 541 1125 606 etiarn
1142 561 1185 605 ex
1202 550 1319 606 natura
1335 543 1443 616 calidi,

290 666 376 727 quae
399 666 465 710 non
486 655 562 710 sunt
585 646 856 730 proportionatae
881 646 923 709 ad
949 654 1076 709 tactum
1103 656 1271 711 nostrum:
1299 648 1384 712 adeo
1408 658 1444 711 ut

289 759 441 833 respectu
469 749 571 832 nostri
595 770 660 812 non
691 758 868 832 operentur
898 769 1001 832 usque
1029 751 1073 812 ad
1102 749 1360 829 calefactionem,
1384 753 1442 815 sed

290 863 439 939 respectu
465 854 605 918 aliorum
637 851 867 917 nonnullorum
895 873 1070 935 corporum
1103 864 1312 936 exequantur
1340 876 1442 939 opera

290 958 395 1023 calidi.

315 1077 349 1119 aa
359 1085 399 1118 αι·
409 1086 439 1130 a.
511 1060 587 1124 Fiat
601 1059 791 1142 hujusmodi
807 1062 1080 1144 experimentum.
1116 1061 1311 1146 Accipiatur
1326 1083 1441 1146 specu-

289 1162 395 1228 lum⁸¹
411 1164 606 1228 fabricatum
628 1173 742 1228 contra
761 1185 799 1228 ac
823 1165 860 1228 fit
882 1167 915 1229 in
935 1165 1079 1248 speculis
1101 1168 1384 1240 comburentibus
1406 1179 1438 1231 et

289 1269 516 1352 interponatur
537 1269 620 1331 inter
641 1289 776 1331 manum
798 1278 831 1333 et
849 1269 959 1333 radios
980 1269 1078 1346 solis3
1106 1277 1140 1333 et
1163 1270 1222 1334 fiat
1243 1271 1441 1347 observatio,

290 1381 400 1436 utrum
425 1373 550 1436 minuat
573 1371 717 1436 calorem
740 1372 828 1448 solis,
851 1374 1133 1455 quemadmodum
1157 1372 1328 1456 speculum
1352 1395 1441 1438 corn-

288 1479 409 1542 burens
439 1478 580 1541 eundern
614 1486 715 1560 auget
748 1485 782 1540 et
811 1476 960 1540 intendit
1016 1477 1228 1540 Manifestum
1260 1487 1310 1541 est
1341 1480 1437 1552 enim,

287 1583 397 1665 quoad
419 1582 527 1645 radios
548 1581 687 1664 opticos,
705 1590 803 1663 prout
826 1581 1003 1645 fabricatur
1024 1580 1194 1665 speculum
1220 1581 1252 1644 in
1277 1583 1439 1647 densitate

288 1684 451 1768 inaequali
475 1695 624 1767 respectu
647 1685 748 1748 medii
768 1696 802 1749 et
823 1683 973 1762 laterum,
994 1685 1041 1748 ita
1063 1705 1223 1769 apparere
1242 1685 1439 1750 simulachra

289 1792 395 1874 magis
420 1789 540 1853 diffusa
566 1798 624 1853 aut
651 1789 757 1872 magis
783 1799 958 1853 contracta
1007 1788 1125 1871 Itaque
1149 1790 1237 1853 idem
1260 1790 1438 1855 videndum

288 1896 321 1959 in
336 1894 452 1960 calore

313 2013 436 2064 nas-⁵¹·
505 1996 580 2060 Fiat
602 1996 866 2078 experimentum
890 1997 1073 2081 diligenter,
1092 2009 1203 2062 utrum
1227 2019 1285 2081 per
1306 1996 1438 2081 specula

288 2100 514 2166 comburentia
528 2100 706 2164 fortissima
721 2112 756 2165 et
772 2103 899 2186 optime
918 2101 1076 2166 fabricata
1097 2101 1179 2165 radii
1199 2101 1296 2165 lunae
1311 2101 1437 2185 possint

287 2207 395 2289 excipi
411 2216 445 2269 et
457 2203 567 2286 colligi
583 2205 615 2267 in
631 2206 775 2287 aliquem
786 2206 838 2268 vel
854 2207 1028 2270 minimum
1044 2207 1184 2289 gradum
1199 2207 1323 2288 teporis
1332 2204 1369 2270 ⁸².
1405 2207 1437 2270 ls

286 2330 365 2374 vero
383 2311 505 2392 gradus
519 2310 642 2393 teporis
662 2310 689 2374 si
707 2311 847 2374 fortasse
871 2310 967 2374 nimis
991 2309 1120 2375 subtilis
1143 2319 1178 2374 et
1196 2310 1314 2374 debilis
1332 2309 1437 2386 fuerit,

288 2427 324 2479 ut
340 2415 382 2478 ad
401 2424 528 2478 tactum
547 2415 668 2497 percipi
688 2425 722 2478 et
739 2415 941 2499 deprehendi
961 2435 1026 2478 non
1050 2414 1165 2498 possit,
1180 2414 1436 2497 confugiendum

285 2520 347 2582 erit
362 2519 404 2582 ad
420 2519 505 2582 vitra
523 2517 579 2581 illa
590 2516 617 2555 ⁸³
633 2538 718 2600 quae
736 2520 883 2584 indicant
901 2519 1174 2583 constitutionem
1193 2519 1276 2582 aeris
1295 2518 1435 2583 calidam

285 2634 342 2687 aut
370 2622 543 2706 frigidam;
576 2623 624 2685 ita
650 2632 687 2688 ut
712 2624 795 2687 radii
825 2623 922 2687 lunae
952 2644 1012 2707 per
1042 2621 1210 2705 speculum
1241 2624 1437 2687 comburens

286 2729 432 2791 incidant
456 2734 490 2789 et
507 2725 673 2808 jaciantur
694 2727 727 2790 in
750 2727 977 2791 summitatem
1000 2727 1076 2790 vitri
1098 2726 1309 2808 hujusmodi3
1335 2737 1436 2808 atque

284 2843 356 2896 tum
374 2839 515 2906 notetur,
530 2829 558 2893 si
575 2828 632 2893 fiat
648 2831 816 2914 depressio
832 2852 940 2914 aquae
954 2851 1013 2914 per
1028 2842 1189 2914 teporem.

309 2951 431 2992 nan-o.
503 2933 704 2998 Praeticetur
734 2935 836 2999 etiam
862 2936 983 2999 vitrum
1010 2935 1208 2998 comburens
1238 2953 1337 3017 super
1359 2933 1436 2998 cali-

284 3038 474 3119 dum,quod
489 3059 555 3101 non
571 3039 611 3101 sit
628 3039 794 3104 radiosum
811 3049 869 3103 aut
885 3039 1104 3112 luminosum
1123 3047 1159 3102 ut
1176 3037 1250 3102 ferri
1266 3048 1299 3102 et
1315 3038 1435 3121 lapidis

284 3141 435 3207 calefacti
455 3142 514 3206 sed
534 3163 600 3205 non
619 3142 722 3224 igniti,
742 3154 800 3206 aut
820 3163 927 3225 aquae
948 3143 1109 3215 ferventis,
1127 3152 1183 3207 aut
1202 3142 1376 3220 similium;
1401 3154 1434 3207 et

318 3329 339 3362 ⁸¹
360 3331 441 3385 Used
454 3331 521 3385 here
532 3331 577 3384 for
588 3349 606 3384 a
619 3332 688 3385 lens.

318 3412 340 3445 ⁸²
358 3416 416 3469 For
427 3432 444 3468 a
456 3417 524 3484 long
540 3415 618 3482 time,
631 3416 679 3470 the
691 3413 876 3485 experiments
889 3414 981 3469 which
994 3433 1065 3470 were
1081 3411 1195 3485 applied
1214 3423 1243 3468 to
1261 3411 1353 3470 detect
1370 3415 1434 3469 heat

282 3497 311 3553 in
331 3499 379 3552 the
397 3499 477 3553 lunar
495 3515 559 3567 rays
577 3516 649 3554 were
667 3499 867 3554 unsuccessful.
904 3501 961 3553 For
979 3500 1027 3554 the
1046 3497 1197 3554 successful
1215 3496 1387 3569 experiment
1406 3498 1437 3552 of

283 3582 408 3650 Melloni,
422 3600 468 3637 see
480 3582 608 3651 Tyndall,
622 3601 654 3638 as
667 3582 786 3637 referred
799 3593 828 3636 to
841 3584 940 3652 above,
955 3593 1022 3638 note
1035 3596 1078 3651 72.

316 3663 338 3697 ⁸⁸
357 3666 419 3720 The
443 3665 585 3721 invention
604 3667 636 3720 of
653 3668 701 3721 the
722 3667 943 3734 Thennometer,
964 3665 1056 3721 which
1081 3683 1138 3721 was
1163 3664 1307 3735 originally
1326 3682 1362 3719 an
1384 3664 1433 3720 nir

282 3750 502 3817 Thermometer,
516 3749 548 3817 is,
561 3750 713 3819 according
730 3760 759 3804 to
778 3749 907 3805 different
924 3761 1068 3818 accounts,
1082 3749 1211 3805 ascribed
1230 3760 1259 3804 to
1279 3748 1387 3804 Galileo
1405 3747 1433 3802 in

283 3845 359 3903 1597,
374 3833 497 3888 Drebbel
510 3833 541 3886 of
549 3833 684 3888 Alkrnaer
699 3833 728 3887 in
744 3835 820 3902 1609,
836 3835 921 3889 Paulo
939 3833 1020 3904 Sarpi
1040 3833 1068 3888 in
1085 3834 1160 3901 1609,
1174 3834 1231 3887 and
1245 3832 1391 3888 Sanctorio
1404 3830 1432 3886 in

283 3919 359 3973 1610.
398 3918 438 3972 M.
458 3917 576 3971 Bouillet
597 3916 672 3983 (note
688 3935 725 3970 on
743 3919 817 3972 Nov.
836 3919 903 3988 Org.
920 3917 947 3972 ii.
969 3933 1000 3986 13
1015 3916 1084 3987 (38))
1105 3917 1162 3971 and
1182 3918 1222 3971 M.
1242 3916 1278 3970 de
1290 3916 1433 3970 Vauzelles

281 3999 430 4070 (Histoire,
452 4003 502 4056 dc.
524 4000 561 4055 de
583 4002 687 4066 Bacon,
706 4002 760 4055 vol.
779 4001 797 4055 i.
816 4019 863 4071 pp.
882 3999 982 4070 30-31)
1008 4000 1117 4056 ascribe
1141 4000 1171 4068 it,
1196 4001 1302 4069 though
1329 4017 1367 4055 on
1393 3999 1432 4054 in·

281 4085 419 4141 sufficient
448 4085 579 4154 grounds,
604 4093 634 4138 to
667 4087 762 4139 Bacon
793 4085 912 4139 himself.
950 4086 1012 4141 The
1043 4084 1124 4140 merit
1152 4083 1184 4140 of
1210 4083 1259 4139 the
1289 4083 1432 4138 invention

280 4170 416 4240 probably
435 4168 559 4238 belongs,
580 4167 609 4222 in
629 4169 678 4222 the
697 4169 755 4222 first
775 4166 911 4236 instance,
929 4179 958 4224 to
977 4168 1092 4224 Galileo.
1130 4170 1185 4223 See
1203 4168 1251 4223 the
1269 4166 1432 4222 authorities

281 4252 400 4308 referred
414 4262 443 4308 to
462 4252 490 4306 in
505 4254 559 4306 Mr.
573 4251 651 4306 Ellis’
663 4263 730 4306 note
748 4270 784 4308 on
798 4252 825 4307 ii.
842 4267 873 4320 13
888 4251 955 4320 (38),
967 4253 1023 4305 and
1042 4251 1193 4322 especially
1205 4254 1253 4306 the
1272 4262 1432 4321 arguments

279 4336 428 4406 employed
440 4336 478 4404 by
491 4335 575 4404 Libri,
590 4335 714 4391 Histoire
733 4337 784 4392 des
801 4335 931 4391 Sciences
950 4333 1190 4406 Mathematiques
1204 4353 1240 4390 en
1255 4335 1343 4402 italie,
1357 4345 1431 4390 tome

280 4420 316 4474 iv.
330 4437 375 4490 pp.
393 4420 522 4487 187-197.

318 4503 350 4556 ln
364 4503 453 4573 Aphs.
469 4517 500 4572 13
513 4503 569 4557 and
583 4517 626 4571 24,
642 4505 737 4558 Bacon
750 4504 817 4558 calls
831 4503 887 4559 this
900 4503 1067 4559 instrument
1080 4503 1191 4558 Vitrum
1207 4501 1370 4560 Calendare.
