3280 5238
651 427 731 484 tra.
754 429 795 486 rr.
817 433 870 504 45·
1271 437 1332 508 521

183 587 253 653 fieri
281 597 352 655 tam
380 590 498 657 sortem
526 593 568 656 ad
596 593 787 658 distantiam
816 595 911 658 nimis
936 610 1081 677 parvam,
1109 617 1209 680 quam
1235 596 1336 680 paulo

183 703 260 776 post
271 693 307 758 ²³.
354 695 447 760 Haec
470 697 582 779 itaque
605 707 638 761 et
662 697 783 761 similia
806 699 839 762 in
864 701 1025 766 mensuris
1050 712 1200 765 motuum
1225 703 1335 785 quoad

184 798 359 863 distantias
375 801 521 864 notanda
536 811 622 866 sunt.

230 901 292 966 Est
319 913 353 967 et
378 903 467 968 aliud
493 925 598 986 genus
625 925 797 972 mensurae
821 905 935 973 localis
966 919 1126 988 motuum,
1152 911 1243 992 quod
1270 929 1336 973 non

185 1008 513 1088 praetermittendum
540 1020 599 1074 est.
657 1010 744 1076 Illud
774 1033 852 1076 vero
882 1014 1025 1094 pertinet
1054 1014 1097 1078 ad
1129 1025 1239 1078 motus
1269 1033 1336 1077 non

186 1111 420 1193 progressivos,
447 1114 505 1177 sed
528 1114 734 1196 sphaericos3
768 1116 832 1181 hoc
855 1128 914 1191 est,
937 1119 980 1180 ad
1004 1118 1242 1201 expansionem
1266 1138 1338 1182 cor·

185 1235 304 1296 porum
321 1215 354 1278 in
371 1217 529 1297 majorem
550 1218 734 1302 sphaeram,
754 1230 813 1285 aut
833 1223 1090 1286 contractionem
1112 1221 1144 1284 in
1166 1223 1337 1286 minorem.

188 1319 424 1400 Inquirendum
440 1322 527 1385 enim
545 1332 595 1386 est
612 1324 696 1388 inter
717 1346 885 1390 mensuras
904 1326 983 1389 istas
1003 1334 1163 1402 motuum,
1177 1336 1336 1410 quantam

188 1424 468 1504 compressionem
484 1434 543 1489 aut
558 1428 786 1492 extensionem
802 1449 942 1512 corpora
957 1425 1032 1513 (pro
1048 1442 1165 1494 natura
1177 1427 1338 1514 ipsorum)

187 1523 282 1589 facile
309 1536 343 1590 et
367 1527 507 1593 libenter
532 1533 708 1613 patiantur,
735 1535 835 1597 etad
862 1553 960 1615 quem
987 1534 1163 1598 terminum
1188 1533 1338 1598 reluctari

188 1629 356 1714 incipiant,
379 1632 464 1697 adeo
488 1643 524 1696 ut
547 1636 590 1698 ad
614 1646 800 1700 extremum
824 1637 901 1700 Non
929 1636 1027 1701 Ultra
1048 1638 1175 1714 ferant3
1202 1647 1239 1701 ut
1261 1657 1338 1700 cum

189 1735 297 1798 vesica
319 1735 434 1801 inflata
456 1739 691 1820 comprimitur,
715 1742 856 1806 sustinet
878 1740 933 1805 illa
956 1743 1234 1823 compressionem
1257 1761 1338 1805 non·

189 1837 314 1902 nullam
330 1841 422 1918 aeris,
437 1843 495 1905 sed
512 1843 538 1906 si
556 1841 661 1926 major
676 1845 780 1924 luerit,
795 1866 863 1908 non
878 1846 1003 1929 patitur
1020 1851 1085 1924 ae'r,
1101 1847 1158 1910 sed
1178 1844 1340 1927 rumpitur

186 1942 304 2007 vesica.

232 2045 282 2111 At
299 2067 358 2112 nos
373 2047 436 2114 hoc
452 2049 559 2134 ipsum
575 2052 745 2117 subtiliore
760 2053 988 2137 experimento
1004 2053 1109 2138 magis
1127 2063 1244 2118 exacte
1265 2073 1339 2136 pro·

189 2151 349 2216 bavimus.
394 2154 598 2238 Accepimus
613 2158 698 2220 enim
715 2157 946 2242 campanulam
963 2179 1006 2222 ex
1022 2156 1166 2236 metallo,
1182 2156 1340 2220 leviorem

190 2257 316 2320 scilicet
342 2267 376 2321 et
402 2260 596 2338 tenuiorem,
622 2261 711 2344 quali
737 2263 781 2327 ad
809 2263 1042 2345 excipiendum
1068 2261 1170 2326 salem
1198 2262 1339 2334 utimur;

191 2381 334 2443 eamque
349 2363 380 2424 in
397 2363 519 2446 pelvim
539 2385 647 2447 aquae
669 2366 872 2442 immisimus,
893 2368 939 2431 ita
960 2378 997 2430 ut
1016 2367 1206 2450 deportaret
1227 2385 1339 2429 secum

190 2471 300 2529 ae'rem
316 2467 373 2548 qui
396 2469 627 2533 continebatur
651 2470 682 2533 in
705 2489 850 2534 concavo
873 2491 976 2552 usque
998 2471 1041 2533 ad
1064 2469 1203 2533 fundum
1226 2469 1339 2551 pelvis.

192 2568 436 2635 Locaveramus
461 2583 573 2637 autem
601 2574 690 2657 prius
716 2572 888 2658 globulum
916 2575 948 2637 in
974 2574 1078 2638 fundo
1103 2573 1215 2657 pelvis,
1241 2591 1340 2656 super

190 2694 290 2756 quem
322 2677 518 2759 campanula
545 2677 744 2760 imponenda
771 2689 866 2742 esset.
913 2678 1025 2761 Quare
1052 2676 1131 2741 illud
1157 2678 1340 2755 eveniebat,

191 2790 229 2843 ut
254 2779 281 2842 si
306 2778 462 2861 globulus
489 2781 544 2845 ille
574 2793 659 2846 esset
687 2782 889 2847 minusculus
916 2781 991 2867 (pro
1021 2783 1150 2847 ratione
1179 2779 1340 2866 concavi),

191 2885 351 2968 reciperet
375 2905 411 2949 se
433 2892 490 2949 aer
512 2886 544 2950 in
569 2886 677 2950 locum
701 2888 873 2965 minorem,
896 2899 929 2952 et
952 2888 1202 2951 contruderetur
1223 2885 1340 2962 solum,

192 3007 258 3051 non
288 2990 529 3054 extruderetur.
586 2989 686 3072 Quod
716 2991 743 3056 si
773 2991 956 3073 grandioris
986 3001 1072 3055 esset
1106 2991 1341 3074 magnitudinis

192 3111 292 3174 quarn
326 3103 363 3157 ut
391 3100 449 3157 adr
481 3094 619 3159 libenter
649 3097 788 3170 cederet,
817 3107 890 3159 tum
920 3103 976 3160 adr
1006 3094 1140 3177 majoris
1171 3115 1342 3178 pressurae

193 3195 368 3279 impatiens
390 3199 622 3281 campanulam
645 3221 690 3264 ex
710 3200 820 3282 aliqua
839 3211 935 3283 parte
954 3200 1116 3278 elevabat,
1136 3209 1171 3264 et
1189 3199 1221 3261 in
1242 3197 1342 3263 bullis

191 3303 401 3367 ascendebat.

236 3405 1341 3493 Etiamadprobandumqualemextensionem²⁴(nonminusquam

192 3581 381 3651 occasionally
390 3591 447 3637 met
457 3582 523 3638 with
536 3595 667 3650 amongst
680 3585 727 3639 the
740 3584 850 3654 young!
883 3585 934 3637 Dr.
943 3583 1106 3652 Carpenter‚
1117 3583 1233 3636 Human
1245 3580 1342 3649 Physi-

191 3668 283 3735 ology,
301 3666 348 3733 ath
366 3667 430 3734 Ed,
445 3663 459 3736 ξ
473 3667 533 3735 879.
570 3664 595 3736 [l
610 3667 647 3721 do
659 3677 708 3722 not
722 3668 780 3722 find
793 3668 850 3723 this
867 3683 995 3738 passage,
1010 3663 1100 3720 which
1119 3681 1173 3718 was
1190 3665 1294 3734 quoted
1314 3663 1343 3718 in

191 3767 240 3820 my
250 3752 272 3804 F
275 3751 323 3804 irst
337 3750 462 3816 Edition‚
475 3751 616 3821 reprinted
630 3751 658 3805 in
672 3753 720 3807 the
732 3754 802 3807 later
813 3751 934 3806 editions
948 3751 980 3804 os
989 3750 1040 3804 Dr.
1056 3748 1233 3818 carpenter’s
1246 3746 1342 3817 work.]

228 3833 249 3865 ²³
268 3835 362 3889 While
375 3835 421 3889 the
434 3836 490 3889 ball
503 3836 526 3889 is
538 3835 685 3906 travelling
703 3836 841 3904 upwards‚
855 3835 902 3890 the
919 3833 1040 3901 velocity
1052 3831 1216 3886 diminishes
1234 3832 1344 3887 instead

192 3920 223 3976 ol
232 3919 463 3988 increasing,and
478 3937 517 3987 so,
528 3929 659 3987 contrary
668 3930 697 3973 to
706 3919 780 3973 what
794 3921 890 3973 Bacon
904 3917 1055 3988 supposed,
1065 3916 1112 3970 the
1126 3915 1214 3970 initial
1224 3915 1344 3985 velocity

192 4004 217 4060 is
229 4013 338 4074 greater
355 4003 425 4057 than
443 4003 491 4058 the
508 4003 627 4072 velocity
639 4013 669 4058 at
687 4021 744 4072 any
755 4004 837 4058 other
854 4003 932 4072 point
950 4018 987 4056 on
1006 4001 1054 4054 the
1073 3999 1187 4070 upward
1203 3999 1281 4068 path.
1317 4001 1343 4054 A

192 4085 336 4158 projectile
346 4098 437 4142 traces
450 4106 468 4141 a
480 4088 623 4157 parabola,
631 4088 688 4141 and
701 4086 723 4142 it
733 4104 800 4155 may
809 4087 940 4154 easilybe
953 4085 1049 4140 shown
1061 4085 1121 4138 that
1131 4083 1179 4138 the
1188 4082 1307 4152 velocity
1314 4093 1344 4136 at

193 4189 249 4242 any
261 4172 337 4242 point
351 4171 383 4225 of
391 4170 440 4226 the
453 4171 587 4242 parabola
601 4170 624 4226 is
637 4172 697 4225 that
710 4171 801 4226 which
815 4170 906 4224 would
918 4170 953 4224 be
969 4167 1100 4239 acquired
1113 4166 1142 4220 in
1159 4165 1256 4236 falling
1272 4166 1343 4220 from

193 4257 241 4311 the
254 4255 390 4311 directrirc

228 4337 251 4370 ²⁴
268 4341 356 4406 Thus,
371 4341 466 4395 Bacon
484 4339 648 4409 recognised
667 4340 715 4395 the
735 4337 882 4407 Elasticity
897 4338 931 4393 os
944 4336 1004 4406 Air,
1021 4337 1080 4404 but,
1096 4354 1128 4392 as
1146 4335 1196 4389 Dr.
1208 4334 1343 4389 Whewell

193 4423 320 4478 remarks
342 4423 471 4493 (History
489 4423 521 4478 of
536 4424 583 4479 the
604 4423 749 4479 Inductive
768 4423 909 4488 Sciences‚
929 4421 976 4476 bk.
995 4441 1020 4476 x
1042 4421 1085 4476 ch.
1106 4435 1130 4489 3.
1152 4430 1220 4474 sect.
1242 4417 1277 4486 1),
1296 4418 1344 4472 the

194 4508 283 4562 broad
301 4508 373 4562 facts
395 4507 485 4564 which
509 4506 614 4563 exhibit
638 4507 694 4562 this
716 4508 912 4580 phenomenon
937 4523 984 4562 are
1003 4505 1138 4576 tolerably
1157 4503 1279 4561 evident.
1319 4501 1344 4556 lt
