3344 5152
667 373 927 430 PRAEFATIO.
1309 365 1368 448 169

214 559 316 621 posse
347 536 501 615 confidat,
527 538 585 600 sed
616 537 810 600 successioni
840 537 1004 612 destinet;
1039 539 1180 620 denique
1206 539 1369 612 scientias,

214 662 285 704 non
316 663 375 726 per
405 642 624 724 arrogantiam
655 643 688 704 in
718 642 855 704 humani
887 642 1009 724 ingenii
1039 641 1173 720 cellulis,
1201 644 1258 705 sed
1290 643 1368 706 sub·

216 747 319 810 misse
346 747 378 809 in
405 747 527 809 mundo
552 745 676 827 majore
702 756 849 827 quaerat.
893 745 1000 810 Vasta
1024 767 1101 810 vero
1127 757 1163 809 ut
1191 746 1369 830 plurimum

215 850 328 913 solent
350 869 430 925 esse,
453 869 538 930 quae
561 849 688 912 inania:
713 849 819 912 solida
841 850 1078 913 contrahuntur
1101 851 1257 925 maxime,
1280 861 1313 914 et
1337 851 1370 912 in

215 975 322 1036 parvo
341 953 403 1017 sita
423 964 508 1016 sunt.
553 952 725 1017 Postremo
743 955 844 1017 etiam
867 954 1047 1037 petendum
1066 954 1195 1018 videtur
1212 951 1267 1040 (ne
1286 953 1370 1018 forte

215 1060 293 1140 quis
318 1057 362 1120 rei
391 1057 490 1140 ipsius
517 1057 661 1140 periculo
689 1059 784 1121 nobis
810 1057 941 1139 iniquus
967 1078 1039 1121 esse
1060 1055 1153 1142 velit)
1177 1069 1213 1122 ut
1235 1059 1370 1122 videant

216 1162 380 1237 homines,
403 1171 565 1241 quatenus
588 1181 632 1223 ex
650 1182 690 1224 eo
713 1161 803 1244 quod
823 1161 919 1224 nobis
940 1182 1084 1225 asserere
1108 1182 1240 1226 necesse
1262 1163 1305 1226 sit
1328 1159 1369 1248 (si

217 1266 322 1328 modo
348 1265 442 1328 nobis
470 1263 530 1347 ipsi
560 1276 712 1328 constare
737 1261 889 1350 velimus)
915 1265 957 1328 de
983 1265 1034 1328 his
1064 1267 1182 1328 nostris
1212 1267 1369 1350 opinandi

216 1378 278 1431 aut
309 1367 505 1431 sententiam
536 1367 659 1434 serendi
689 1367 753 1432 sibi
781 1367 836 1449 jus
866 1369 1063 1452 permissum
1094 1379 1231 1451 putent:
1267 1392 1369 1452 quum

217 1492 280 1535 nos
303 1493 436 1535 omnem
464 1472 560 1534 istam
588 1473 748 1536 rationem
774 1472 953 1536 humanam
980 1483 1232 1554 praematuram,
1255 1475 1369 1539 antici·

217 1587 364 1658 pantem,
381 1583 415 1638 et
430 1595 450 1637 a
464 1576 561 1638 rebus
576 1585 701 1639 temere
719 1586 753 1639 et
770 1576 866 1640 citius
881 1596 980 1658 quam
996 1578 1144 1659 oportuit
1159 1578 1368 1654 abstractam,

351 1676 526 1763 (quatenus
545 1679 588 1742 ad
610 1680 855 1761 inquisitionem
877 1677 1026 1764 naturae)
1045 1692 1082 1744 ut
1098 1702 1167 1744 rem
1183 1704 1239 1747 va-

431 1784 513 1846 riam
529 1791 562 1846 et
578 1783 805 1864 perturbatam
822 1794 856 1849 et
872 1784 957 1847 male
972 1794 1159 1850 extructam

460 1885 655 1968 rejiciamus.
696 1887 815 1968 Neque
830 1888 1065 1970 postulandum
1081 1899 1131 1953 est

508 2000 544 2054 ut
561 1988 633 2071 ejus
645 1989 769 2072 judicio
784 1999 898 2069 stetur,
914 2012 999 2074 quae
1014 1993 1086 2078 ipsa

612 2094 643 2158 in
657 2092 815 2178 judicium
832 2105 978 2162 vocatur.
