3280 5238
655 422 736 478 ΜΒ·
760 424 803 480 11-
826 427 909 500 ss*
1276 428 1340 498 ιιι

192 587 310 670 ltaque
342 586 386 652 ab
416 585 479 654 hoc
511 586 605 653 initio
641 588 737 652 facile
774 587 914 671 insurgit
944 585 1139 664 intellectus,
1169 587 1342 670 repudiata

190 692 402 774 heterogenia
425 692 602 769 essentiali,
620 695 665 758 ad
689 692 919 776 inquirendum
942 712 1028 774 quae
1050 691 1116 755 sint
1138 691 1343 756 differentiae

192 799 267 863 illae
290 819 377 881 quae
400 819 512 864 revera
535 801 739 884 reperiuntur
763 801 846 863 inter
867 798 1011 864 calorem
1035 796 1114 862 solis
1133 808 1166 863 et
1190 797 1283 881 ignis,
1298 819 1343 862 ex

191 903 310 986 quibus
326 903 363 968 fit
380 914 417 969 ut
435 923 549 967 eorum
565 904 775 988 operationes
793 904 862 968 sint
882 912 953 966 tam
974 901 1159 978 dissimiles,
1175 911 1344 984 utcunque

193 1009 239 1071 illi
256 1007 317 1092 ipsi
333 1009 532 1093 participent
551 1029 594 1072 ex
611 1019 729 1072 natura
744 1006 920 1073 communi.

237 1109 333 1193 Quae
344 1112 547 1177 differentiae
557 1113 759 1194 reperientur
769 1121 930 1193 quatuor:
945 1109 1006 1174 viz.
1021 1109 1137 1192 primo,
1149 1108 1239 1192 quod
1255 1109 1345 1174 calor

193 1215 272 1279 solis
287 1227 437 1298 respectu
452 1216 569 1282 caloris
585 1216 669 1298 ignis
685 1217 728 1280 sit
742 1217 848 1300 gradu
862 1215 960 1297 longe
970 1213 1163 1278 clementior
1174 1223 1208 1276 et
1221 1212 1343 1290 lenior;

194 1319 348 1396 secundo,
363 1322 454 1404 quod
475 1323 518 1386 sit
533 1319 742 1407 (praesertim
766 1332 802 1385 ut
825 1320 969 1384 defertur
991 1320 1033 1384 ad
1056 1340 1117 1383 nos
1142 1339 1200 1402 per
1221 1315 1345 1402 aerem)

194 1425 353 1507 qualitate
370 1425 474 1490 multo
492 1426 676 1503 humidior3
704 1425 804 1490 tertio
815 1419 919 1507 (quod
935 1433 1036 1506 caput
1051 1423 1098 1487 rei
1114 1421 1186 1508 est),
1198 1425 1288 1506 quod
1301 1425 1344 1489 sit

194 1549 324 1594 summe
340 1529 531 1612 inaequalis,
545 1540 648 1612 atque
668 1530 829 1593 accedens
850 1537 883 1592 et
899 1537 1023 1604 auctus,
1039 1538 1072 1591 et
1087 1527 1242 1611 deinceps
1258 1548 1346 1593 rece-

195 1633 325 1697 denset
346 1634 537 1708 diminutus,
555 1635 587 1697 id
610 1635 700 1715 quod
721 1633 867 1697 maxime
887 1632 1012 1696 confert
1036 1631 1079 1695 ad
1101 1634 1345 1714 generationem

196 1756 376 1818 corporum.
423 1737 529 1802 Recte
551 1737 638 1802 enim
656 1738 795 1802 asseruit
810 1735 1012 1800 Aristoteles
1023 1733 1050 1771 ⁵⁰
1065 1756 1198 1799 causam
1222 1737 1344 1818 princi-

195 1838 304 1923 palem
320 1842 572 1923 generationum
588 1851 621 1906 et
636 1841 891 1924 corruptionum,
908 1859 995 1923 quae
1010 1839 1092 1903 fiunt
1108 1840 1161 1904 hic
1176 1841 1265 1922 apud
1284 1859 1346 1904 nos

197 1945 229 2008 in
248 1944 419 2028 superficie
435 1955 549 2024 terrae,
565 1966 636 2010 esse
651 1947 739 2009 viam
758 1945 929 2027 obliquam
945 1943 1025 2008 solis
1046 1966 1104 2028 per
1119 1945 1291 2010 zodiacum
1302 1943 1346 2022 ⁵¹3

198 2048 284 2111 unde
314 2046 404 2111 calor
438 2049 525 2124 solis,
556 2049 678 2132 partim
712 2069 770 2133 pm
799 2048 1041 2112 vicissitudines
1071 2048 1134 2111 diei
1165 2057 1199 2111 et
1229 2049 1346 2120 noctis,

197 2152 318 2235 partim
339 2171 397 2234 per
411 2153 633 2217 successiones
647 2153 785 2217 aestatis
800 2163 834 2216 et
849 2153 988 2234 hyemis,
1005 2151 1116 2216 evadit
1133 2151 1223 2215 miris
1239 2153 1347 2218 modis

197 2254 389 2338 inaequalis.
434 2255 553 2338 Neque
569 2265 681 2321 tamen
705 2257 826 2320 desinit
851 2257 905 2320 ille
918 2257 968 2319 vir
986 2256 1019 2319 id
1035 2256 1125 2338 quod
1143 2256 1186 2321 ab
1203 2276 1242 2320 eo
1259 2267 1347 2320 recte

198 2359 367 2423 inventurn
398 2359 459 2424 fuit
492 2361 606 2424 statim
637 2381 848 2444 corrumpere
878 2369 913 2424 et
945 2360 1133 2442 depravare.
1191 2358 1280 2422 Nam
1311 2371 1347 2424 ut

199 2465 319 2528 arbiter
341 2464 467 2529 scilicet
490 2474 627 2529 naturae
650 2461 753 2550 (quod
776 2465 824 2528 illi
847 2464 878 2527 in
902 2483 994 2527 more
1017 2459 1082 2548 est)
1105 2461 1203 2526 valde
1227 2463 1346 2546 magis-

199 2567 326 2632 traliter
355 2569 501 2650 assignat
528 2587 661 2632 causam
686 2567 908 2652 generationis
932 2566 1078 2630 accessui
1102 2565 1190 2642 solis,
1214 2584 1347 2630 causam

198 2681 309 2735 autem
332 2672 548 2755 corruptionis
567 2674 728 2736 recessui:
752 2692 827 2736 cum
851 2682 990 2753 utraque
1011 2691 1061 2734 res
1080 2669 1243 2756 (accessus
1258 2671 1349 2734 vide·

200 2775 275 2840 licet
297 2775 375 2839 solis
397 2785 430 2840 et
451 2773 612 2862 recessus)
626 2795 693 2839 non
717 2776 906 2858 respective,
922 2774 981 2838 sed
1005 2773 1099 2856 quasi
1120 2773 1348 2846 indifferenter,

199 2880 357 2962 praebeat
373 2899 506 2943 causam
523 2889 593 2943 tam
609 2879 814 2964 generationi
831 2897 931 2960 quam
952 2877 1153 2960 corruptioni
1168 2902 1176 2953 ;
1200 2878 1349 2959 quando-

200 2983 334 3065 quidem
352 2983 568 3066 inaequalitas
587 2983 704 3047 caloris
727 2981 931 3067 generationi
952 2992 986 3050 et
1008 2981 1209 3063 corruptioni
1231 2998 1349 3058 rerum,

200 3085 384 3169 aequalitas
414 3087 653 3150 conservationi
685 3096 815 3151 tantum
846 3086 1018 3149 ministret
1076 3083 1138 3146 Est
1169 3095 1204 3148 et
1233 3093 1350 3166 quarta

200 3191 385 3254 differentia
401 3191 485 3254 inter
497 3190 640 3255 calorem
650 3191 731 3255 solis
744 3199 777 3255 et
790 3190 882 3273 ignis,
894 3189 1005 3271 magni
1023 3208 1157 3272 prorsus
1173 3188 1348 3251 momenti:

200 3295 263 3356 viz.
287 3295 377 3376 quod
404 3294 453 3359 sol
481 3295 689 3376 operationes
715 3314 791 3358 suas
815 3292 956 3356 insinuet
981 3313 1039 3375 per
1066 3291 1164 3373 longa
1190 3293 1351 3375 temporis

202 3399 319 3480 spatia,
343 3398 398 3461 ubi
421 3399 626 3480 operationes
655 3397 738 3482 ignis
762 3393 913 3482 (urgente
935 3397 1107 3461 hominum
1131 3394 1351 3482 impatientia)

236 3601 259 3633 ⁵⁰
280 3603 509 3672 Meteorologica,
527 3602 545 3658 i.
564 3618 595 3670 ιη
615 3602 653 3674 (p.
668 3616 755 3673 3512.
769 3617 811 3672 30,
825 3601 938 3672 κ.τ.λ.);
958 3603 989 3670 τῇ
1008 3601 1036 3656 δὲ
1055 3601 1089 3674 γῇ
1108 3605 1186 3658 τοῦτο
1208 3601 1258 3672 (sc.
1271 3601 1351 3672 όκρην

200 3687 270 3757 ἔχειν
282 3687 322 3741 κοί
333 3685 425 3756 γῆρας)
438 3687 555 3758 γίγνεται
573 3688 636 3740 κατὰ
651 3688 730 3756 μέρος
741 3687 783 3740 διὰ
800 3685 883 3756 ψύξιν
900 3687 942 3739 καί
959 3686 1113 3755 θερμότητα.
1150 3687 1235 3739 Ταῦτα
1247 3685 1294 3754 μὲν
1305 3683 1352 3738 οὖν

200 3767 304 3838 αὔξεται
317 3770 358 3823 καλ
370 3769 457 3839 φθίνει
470 3769 512 3824 διὰ
524 3771 569 3824 τὸν
578 3769 652 3838 ἤλυον
664 3771 705 3823 καὶ
717 3769 764 3838 τὴν
776 3768 928 3840 περιφοράν,
942 3769 984 3822 διὰ
996 3768 1025 3821 δὲ
1037 3771 1117 3822 ταῦτα
1129 3767 1170 3822 καί
1187 3768 1234 3836 τὴν
1245 3767 1352 3838 όόνομιν

200 3855 232 3908 τὰ
244 3853 308 3923 μίρη
319 3853 365 3920 τῆς
376 3854 424 3922 γῆς
435 3854 562 3922 λαμβάνει
578 3853 767 3924 διοφίρουοαν,
779 3854 848 3908 ὥστε
864 3852 942 3922 ρίχρι
954 3853 1022 3906 τινός
1038 3851 1131 3920 ἔνυδρα
1148 3849 1252 3905 δόναται
1265 3851 1351 3921 διορί-

200 3958 260 4004 νειν,
272 3931 327 3990 <iro
340 3937 485 4006 ξηραίνεται
498 3937 540 3991 καί
551 3937 678 4008 γηράσκει
695 3937 782 3992 πόλιν·
797 3936 880 4008 ἕτεροι
893 3937 921 3990 δι’
933 3937 1010 3990 τόποι
1025 3936 1182 4000 βιῶσκανται
1195 3935 1236 3988 καί
1250 3934 1351 4005 ἔνυδροι

200 4021 330 4092 γίγνονται
342 4020 407 4073 κατὰ
419 4020 505 4090 μέρος.

238 4104 283 4157 De
297 4103 485 4159 Generatione
498 4113 525 4159 et
540 4103 733 4175 Corruptione,
747 4103 773 4158 il.
791 4117 823 4156 10
836 4102 874 4173 (p.
888 4103 941 4172 336
953 4118 979 4168 a,
992 4099 1031 4170 b).
1070 4102 1096 4156 lt
1110 4099 1133 4156 is
1150 4109 1180 4156 to
1196 4099 1253 4155 this
1270 4100 1351 4156 latter

200 4201 322 4256 passage
340 4187 402 4241 that
421 4187 468 4242 the
481 4187 574 4243 words
587 4189 594 4216 ‘
606 4189 681 4242 Nam
695 4197 724 4242 ut
737 4187 858 4255 arbiter,’
872 4186 923 4241 dcc.
936 4186 1014 4240 refer.
1051 4185 1105 4240 See
1122 4186 1174 4253 336
1184 4185 1210 4240 b.
1227 4197 1266 4251 17,
1280 4184 1330 4238 &e
1344 4203 1349 4238 :

201 4273 300 4339 όρῶμιν
312 4271 363 4341 γὰρ
375 4269 415 4324 ὅτι
427 4273 583 4338 προσιόντος
598 4272 646 4340 μίν
657 4274 703 4324 τοῦ
716 4270 791 4340 ἡλίου
807 4271 910 4341 γίνκαίι
924 4269 1007 4337 ιάτιν,
1024 4268 1145 4324 ἀπιόντος
1156 4268 1185 4323 δι’
1197 4267 1298 4336 φθίσις,
1310 4268 1352 4322 καλ

201 4354 229 4406 r’v
241 4351 291 4424 ’ίοφ
303 4355 390 4426 χρόνῳ
402 4355 529 4424 ίκότκρον·
542 4351 601 4410 ἶσος
612 4355 663 4425 γὰρ
676 4355 691 4407 ό
704 4355 798 4426 χρόνος
809 4355 855 4422 τῆς
866 4353 970 4424 φθορᾶς
982 4353 1023 4406 καὶ
1034 4353 1079 4420 τῆς
1090 4352 1216 4423 periuros
1230 4351 1276 4418 τῆς
1287 4351 1351 4404 κατὰ

201 4435 291 4505 φύσιν.

238 4516 257 4550 ³¹
278 4517 368 4586 ίηκοτᾶ
380 4521 425 4574 τὸν
436 4521 516 4590 λοξὸν
528 4519 623 4576 κύκλον
634 4521 713 4592 φορό.
751 4522 797 4576 De
811 4521 883 4575 Gen.
896 4529 924 4575 et
939 4520 1016 4575 Corr.
1031 4517 1057 4573 il.
1072 4533 1113 4575 ιο.
