3344 5152
692 419 773 474 rra.
796 419 822 475 1.
845 410 897 475 66.
1308 423 1367 492 251

222 605 330 651 rerum
354 581 520 670 principia,
540 605 580 648 rx
599 584 714 666 quibus
723 582 748 622 ⁵¹
758 606 773 660 ,·
802 595 835 648 et
859 604 926 648 non
948 584 1123 661 moventia,
1137 593 1199 666 per
1219 603 1301 664 quar
1321 603 1373 645 res

223 690 316 767 fiunt,
339 689 602 773 contemplentur
631 698 664 752 et
695 689 870 771 inquirant.
917 688 979 752 Illa
1007 690 1095 752 enim
1125 689 1167 752 ad
1198 706 1372 762 sermones,

223 793 287 858 ista
302 795 345 858 ad
361 815 461 877 opera
477 803 634 877 spectant.
679 791 798 875 Neque
813 793 900 856 enim
915 792 1065 874 vulgares
1080 792 1155 856 illae
1170 791 1373 855 differentiae

223 909 343 975 motus,
358 918 443 980 quae
464 897 657 961 innaturali
678 896 887 981 philosophia
909 905 1040 980 recepta
1062 905 1224 970 notantur,
1235 915 1372 978 genera-

224 1002 328 1076 tionis,
350 1003 573 1083 corruptionis,
596 1000 879 1083 angmentatioms,
900 999 1136 1078 diminutionis,
1160 999 1372 1074 alterautra,

222 1114 255 1168 et
277 1103 457 1182 taa'om's⁶²,
480 1106 577 1169 ullius
599 1116 676 1169 sunt
699 1105 806 1189 pretii.
853 1103 989 1189 Quippe
1009 1104 1073 1169 hoc
1095 1104 1158 1168 sibi
1180 1104 1314 1180 volunt;
1345 1103 1372 1167 si

223 1229 351 1292 corpus,
387 1208 468 1272 alias
506 1230 575 1273 non
614 1219 787 1287 mutatum,
826 1209 899 1274 loco
937 1219 1050 1272 tamen
1090 1217 1269 1284 moveatur,
1309 1206 1374 1271 hoc

222 1311 376 1377 lationem
401 1333 493 1388 esse3
525 1313 562 1390 si,
585 1323 738 1377 manente
762 1322 796 1377 et
820 1313 893 1377 loco
917 1321 951 1377 et
975 1312 1093 1396 specie,
1115 1312 1276 1394 qualitate
1301 1331 1373 1374 mu·

222 1426 319 1492 tetur,
348 1416 413 1479 hoc
449 1415 674 1480 alterationem
710 1437 801 1493 esse;
837 1415 865 1480 si
899 1437 978 1481 vero
1016 1437 1061 1480 ex
1098 1416 1155 1482 illa
1191 1416 1375 1479 mutatione

224 1520 327 1585 moles
358 1521 429 1603 ipsa
458 1530 492 1584 et
521 1522 689 1603 quantitas
720 1521 866 1604 corporis
900 1540 966 1584 non
996 1522 1111 1586 eadem
1145 1529 1284 1595 maneat,
1309 1519 1373 1584 hoc

223 1623 498 1707 augmentationis
533 1633 568 1688 et
603 1623 832 1689 diminutionis
869 1634 998 1689 motum
1038 1644 1128 1699 esse;
1173 1625 1201 1687 si
1238 1632 1374 1687 eatenus

224 1737 399 1804 mutentur,
427 1737 462 1791 ut
493 1729 636 1811 speciem
666 1727 771 1811 ipsam
801 1737 835 1792 et
865 1727 1082 1792 substantiam
1113 1735 1250 1801 mutent,
1277 1736 1312 1791 et
1340 1727 1374 1791 in

223 1832 288 1896 alia
321 1833 471 1916 migrent,
500 1831 563 1897 hoc
591 1833 835 1913 generationem
868 1841 901 1895 et
932 1832 1166 1914 corruptionem
1197 1851 1278 1895 esse.
1322 1828 1373 1893 At

224 1937 287 2000 ista
313 1956 402 2000 mere
428 1936 600 2019 popularia
626 1945 710 2015 sunt,
731 1947 765 2000 et
790 1936 881 2000 nullo
908 1937 1009 2000 modo
1035 1936 1068 1998 in
1095 1945 1245 1999 naturam
1272 1953 1373 2018 pene-

224 2050 332 2116 trant;
369 2050 514 2122 suntque
545 2059 717 2104 mensurae
749 2049 783 2104 et
816 2040 943 2123 periodi
975 2049 1115 2115 tantum,
1147 2059 1214 2103 non
1247 2039 1374 2122 species

225 2155 342 2209 motus
390 2145 538 2208 Innuunt
560 2145 646 2207 enim
666 2144 757 2217 illud,
772 2143 941 2226 hucusque,
956 2152 989 2207 et
1009 2163 1075 2207 non
1089 2142 1253 2225 quomodo,
1267 2143 1318 2206 vel
1333 2163 1376 2206 en

223 2251 397 2334 quosonte.
443 2249 561 2331 Neque
576 2249 664 2312 enirn
679 2248 721 2311 de
737 2267 910 2332 corporum
925 2248 1084 2331 appetitu,
1097 2255 1154 2311 aut
1169 2249 1211 2312 de
1230 2247 1373 2331 partium

225 2373 337 2418 eorum
354 2373 518 2437 processu,
534 2353 659 2435 aliquid
679 2351 866 2435 significant
877 2375 885 2427 ;
907 2353 967 2416 sed
988 2361 1118 2416 tantum
1138 2372 1240 2434 quum
1263 2362 1374 2416 motus

224 2458 279 2522 ille
305 2447 373 2520 rem
401 2457 496 2520 aliter
521 2477 560 2520 ac
586 2457 684 2540 prius,
705 2477 815 2520 crasso
842 2457 951 2530 modo,
973 2457 1081 2520 sensui
1108 2454 1274 2531 exhibeat,
1296 2455 1374 2520 inde

224 2561 419 2627 divisionem
435 2581 528 2624 suam
544 2561 763 2646 auspicantur.
798 2559 910 2623 Etiam
927 2581 1029 2643 quum
1044 2560 1086 2623 de
1101 2560 1206 2625 causis
1222 2569 1373 2622 motuum

224 2666 349 2749 aliquid
369 2665 551 2748 significare
569 2665 693 2738 volunt,
709 2674 809 2748 atque
829 2663 1022 2728 divisionem
1044 2685 1088 2728 ex
1110 2663 1173 2728 illis
1194 2663 1375 2738 instituere,

260 2935 281 2970 ⁶¹
301 2939 363 2994 The
381 2936 457 2992 third
475 2954 552 2992 error
567 2937 653 2992 arises
670 2937 743 2992 from
763 2935 977 3006 concentrating
994 2954 1045 2992 our
1062 2937 1200 2992 attention
1219 2946 1266 2992 too
1285 2936 1375 2990 exclu-

226 3022 314 3092 sively
326 3039 364 3075 on
386 3021 434 3076 the
454 3019 608 3092 ‘principia
623 3037 656 3074 ex
671 3019 790 3090 quibus,’
807 3030 836 3075 to
851 3021 900 3074 the
917 3021 1026 3089 neglect
1045 3020 1076 3074 os
1091 3021 1139 3074 the
1157 3018 1309 3090 ‘principia
1326 3036 1376 3089 per

226 3105 315 3176 quae,’
328 3105 389 3158 that
406 3103 438 3170 is,
451 3121 488 3158 on
503 3105 550 3158 the
567 3102 693 3158 material
711 3113 740 3158 to
755 3103 803 3158 the
818 3105 927 3172 neglect
943 3104 976 3158 oi
992 3104 1040 3158 the
1055 3103 1176 3158 efficient
1190 3121 1282 3158 cause.
1320 3103 1376 3157 For

226 3188 360 3259 practical
381 3204 525 3257 purposes,
544 3187 563 3242 it
581 3185 604 3241 is
620 3186 664 3240 lar
680 3203 757 3240 more
773 3185 923 3257 important
939 3195 969 3241 to
985 3187 1037 3241 ask
1053 3187 1116 3242 how
1132 3205 1150 3240 a
1167 3187 1248 3256 thing
1264 3204 1329 3256 may
1340 3187 1377 3242 be

226 3270 378 3342 produced,
399 3271 467 3326 than
492 3272 566 3324 what
588 3269 608 3323 it
631 3269 663 3324 is.
701 3269 820 3323 Bacon's
843 3269 970 3340 frequent
991 3271 1115 3326 remarks
1139 3288 1176 3325 on
1201 3271 1250 3325 the
1273 3272 1377 3325 Latens

227 3353 448 3410 Schematismus
464 3354 521 3408 and
539 3371 575 3408 on
592 3353 641 3408 the
656 3351 805 3408 Atomistic
821 3353 993 3424 Philosophy
1005 3354 1089 3421 shew,
1104 3353 1240 3421 however,
1260 3353 1307 3408 the
1326 3353 1377 3407 im·
1397 3391 1401 3405 .

226 3447 360 3508 portance
384 3436 475 3490 which
495 3437 530 3491 he
554 3437 687 3491 attached
712 3446 741 3490 to
765 3437 813 3492 the
832 3436 949 3507 enquiry
968 3437 1028 3492 into
1051 3437 1099 3492 tbe
1125 3437 1254 3492 Materia]
1277 3438 1377 3504 Cause,

226 3520 291 3586 and,
306 3519 334 3574 in
350 3521 397 3574 the
411 3521 456 3574 De
468 3519 635 3589 Augmentis
655 3520 712 3590 (lib.
726 3518 764 3574 iii.
780 3536 842 3589 cap.
854 3525 892 3588 4),
906 3519 942 3574 he
959 3519 1087 3590 specilies
1106 3522 1154 3575 the
1172 3519 1302 3574 Material
1320 3521 1379 3575 and

228 3603 359 3659 Efficieut
379 3604 485 3658 Causes
506 3621 538 3658 as
560 3604 608 3658 the
628 3602 806 3673 appropriate
827 3603 935 3673 objects
956 3603 988 3658 os
1007 3602 1132 3674 Physics,
1152 3603 1200 3661 the
1222 3605 1244 3659 F
1248 3603 1303 3658 inal
1321 3603 1378 3658 and

228 3689 250 3743 F
252 3689 340 3742 ormal
354 3687 459 3741 Causes
472 3686 556 3756 being
568 3686 708 3755 relegated
721 3695 751 3741 to
765 3685 967 3756 Metaphysics.

262 3767 285 3800 ⁶²
304 3770 358 3825 See
379 3769 549 3838 Categories,
564 3769 608 3824 ch.
631 3783 664 3837 14
684 3769 722 3840 (p.
743 3781 774 3837 ις
789 3785 815 3824 a
834 3783 875 3838 13,
896 3769 960 3840 14):
981 3767 1110 3838 Κινήσεως
1128 3769 1158 3824 δέ
1175 3768 1250 3824 ἐστιν
1268 3766 1321 3837 εἴδη
1340 3767 1379 3838 ἕξ,

227 3853 337 3924 γένεσις,
354 3853 452 3921 φθορά,
471 3853 588 3921 αὔξησις,
605 3854 720 3920 μείωσιν,
737 3852 887 3914 ἀλλοίωσις,
904 3851 919 3920 iy
938 3853 1002 3905 κατὰ
1014 3855 1095 3906 τόπον
1106 3851 1247 3921 μεταβολὴ.
1285 3854 1318 3906 In
1331 3854 1379 3908 the

229 3935 355 4006 Pbysics,
369 3936 415 3990 bk.
427 3952 454 3989 v.
467 3936 510 3990 ch.
526 3950 537 3991 1
555 3933 593 4006 (p.
606 3947 656 4006 225
670 3953 697 3989 a.
710 3933 821 4004 25—34),
832 3935 933 4004 γένεσις
945 3935 1002 3989 and
1010 3935 1098 4005 φθορά
1107 3953 1155 3990 are
1165 3935 1299 3990 excluded
1307 3935 1378 3988 lrom

227 4019 275 4076 the
293 4018 427 4074 divisione
444 4018 476 4073 of
490 4017 605 4074 motion.
642 4019 705 4073 The
720 4019 785 4087 only
796 4035 852 4073 one
868 4018 901 4073 os
915 4019 994 4074 these
1010 4019 1146 4074 divisions
1162 4019 1252 4072 which
1268 4035 1308 4073 we
1325 4019 1378 4072 call

228 4101 335 4156 motion
348 4101 372 4157 is
386 4101 400 4169 'i
413 4103 476 4154 κατὰ
488 4103 570 4156 τόπον
580 4100 712 4171 μεταβολὴ
724 4119 756 4155 or
763 4101 838 4170 latio,
848 4119 888 4170 or,
901 4120 933 4157 as
942 4103 963 4156 it
976 4102 1000 4157 is
1013 4102 1174 4157 sometimes
1186 4102 1242 4156 less
1250 4101 1380 4171 properly

228 4186 318 4240 called
337 4185 376 4254 by
387 4184 528 4254 Aristotle,
545 4185 626 4255 φορά.
662 4185 725 4240 The
739 4184 833 4240 others
849 4203 897 4240 are
914 4185 1036 4240 motious
1053 4194 1183 4254 amongst
1199 4185 1247 4239 the
1261 4195 1339 4254 parts
1351 4184 1383 4238 oi

228 4269 277 4324 the
290 4268 374 4338 body,
387 4277 436 4322 not
450 4268 556 4322 motion
569 4269 601 4324 oi
616 4269 662 4323 the
675 4268 751 4338 body
762 4285 795 4323 as
808 4285 825 4322 a
838 4269 934 4323 whole.
969 4270 991 4322 F
993 4286 1025 4322 or
1036 4268 1084 4322 the
1096 4269 1185 4323 above
1198 4284 1247 4322 use
1259 4268 1290 4321 oi
1297 4269 1379 4336 φορά,

229 4368 276 4410 see
296 4353 381 4420 Phys.
396 4369 422 4405 v.
442 4366 466 4405 2.
484 4352 536 4406 226
548 4369 573 4406 a
587 4365 639 4420 333
659 4351 714 4407 viii.
730 4365 755 4418 7.
773 4353 825 4406 260
838 4369 864 4406 a.
881 4353 959 4420 26-9.
997 4354 1060 4418 But,
1077 4351 1245 4418 sometimes,
1264 4351 1335 4420 φορά
1354 4349 1379 4404 is

228 4434 365 4504 regarded
377 4451 408 4488 as
421 4435 486 4504 only
498 4451 515 4488 a
527 4434 677 4505 particular
691 4433 799 4505 species
812 4434 844 4488 of
856 4433 870 4502 ἡ
884 4436 948 4488 κατὰ
960 4436 1040 4489 τόπον
1054 4433 1196 4504 μεταβολὴ.
1240 4435 1294 4490 See
1306 4434 1378 4506 Top.

229 4519 265 4574 iv.
279 4532 304 4572 2.
317 4535 344 4589 p.
362 4531 411 4572 122
423 4517 452 4574 b.
465 4529 561 4588 25-35,
574 4516 630 4573 and
642 4535 685 4588 cp.
699 4518 750 4574 226
762 4535 788 4572 a.
802 4517 901 4588 34-b.
916 4531 939 4574 1.
