<?xml version="1.0" encoding="UTF-8"?>
<!DOCTYPE html PUBLIC "-//W3C//DTD XHTML 1.0 Transitional//EN"
    "http://www.w3.org/TR/xhtml1/DTD/xhtml1-transitional.dtd">
<html xmlns="http://www.w3.org/1999/xhtml" xml:lang="en" lang="en">
 <head>
  <title>
</title>
<meta http-equiv="Content-Type" content="text/html;charset=utf-8" />
  <meta name='ocr-system' content='tesseract 3.04.00' />
  <meta name='ocr-capabilities' content='ocr_page ocr_carea ocr_par ocr_line ocrx_word'/>
</head>
<body>
  <div class='ocr_page' id='page_1' title='image "./baconsnovumorga00bacogoog/baconsnovumorga00bacogoog_0629.png"; bbox 0 0 3250 5138; ppageno 0'>
   <div class='ocr_carea' id='block_1_1' title="bbox 401 380 1160 462">
    <p class='ocr_par' dir='ltr' id='par_1_1' title="bbox 401 380 1160 462">
     <span class='ocr_line' id='line_1_1' title="bbox 401 380 1160 462; baseline -0.003 -18"><span class='ocrx_word' id='word_1_1' title='bbox 401 380 467 462; x_wconf 83' lang='lat'><strong>580</strong></span> <span class='ocrx_word' id='word_1_2' title='bbox 766 383 1160 442; x_wconf 73' lang='lat' dir='ltr'><strong>wovvwoncnlvvrr.</strong></span> 
     </span>
    </p>
   </div>
   <div class='ocr_carea' id='block_1_2' title="bbox 382 549 1517 2706">
    <p class='ocr_par' dir='ltr' id='par_1_2' title="bbox 382 549 1517 2706">
     <span class='ocr_line' id='line_1_2' title="bbox 402 549 1517 637; baseline -0.004 -21"><span class='ocrx_word' id='word_1_3' title='bbox 402 554 509 637; x_wconf 87' lang='lat' dir='ltr'><strong>prima</strong></span> <span class='ocrx_word' id='word_1_4' title='bbox 525 553 654 617; x_wconf 90' lang='lat' dir='ltr'><strong>videtur</strong></span> <span class='ocrx_word' id='word_1_5' title='bbox 674 549 744 614; x_wconf 87' lang='lat' dir='ltr'><strong>fieri</strong></span> <span class='ocrx_word' id='word_1_6' title='bbox 762 571 822 634; x_wconf 90' lang='lat' dir='ltr'><strong>per</strong></span> <span class='ocrx_word' id='word_1_7' title='bbox 841 549 1082 614; x_wconf 88' lang='lat' dir='ltr'><strong>contrusionem</strong></span> <span class='ocrx_word' id='word_1_8' title='bbox 1104 549 1304 633; x_wconf 83' lang='lat' dir='ltr'><strong>simplicem3</strong></span> <span class='ocrx_word' id='word_1_9' title='bbox 1328 569 1414 632; x_wconf 92' lang='lat' dir='ltr'><strong>quae</strong></span> <span class='ocrx_word' id='word_1_10' title='bbox 1433 569 1517 633; x_wconf 92' lang='lat' dir='ltr'><strong>paru</strong></span> 
     </span>
     <span class='ocr_line' id='line_1_3' title="bbox 400 649 1517 740; baseline -0.009 -18"><span class='ocrx_word' id='word_1_11' title='bbox 400 665 510 740; x_wconf 89' lang='lat' dir='ltr'><strong>potest</strong></span> <span class='ocrx_word' id='word_1_12' title='bbox 529 655 571 720; x_wconf 91' lang='lat' dir='ltr'><strong>ad</strong></span> <span class='ocrx_word' id='word_1_13' title='bbox 595 654 792 718; x_wconf 86' lang='lat' dir='ltr'><strong>densitatem</strong></span> <span class='ocrx_word' id='word_1_14' title='bbox 810 662 1016 717; x_wconf 84' lang='lat' dir='ltr'>constantem</span> <span class='ocrx_word' id='word_1_15' title='bbox 1034 649 1196 736; x_wconf 86' lang='lat' dir='ltr'><strong>(resiliunt</strong></span> <span class='ocrx_word' id='word_1_16' title='bbox 1217 653 1305 718; x_wconf 91' lang='lat' dir='ltr'><strong>enim</strong></span> <span class='ocrx_word' id='word_1_17' title='bbox 1324 651 1476 739; x_wconf 89' lang='lat' dir='ltr'><strong>corpora)</strong></span> <span class='ocrx_word' id='word_1_18' title='bbox 1496 675 1517 715; x_wconf 62' lang='lat' dir='ltr'><strong>st</strong></span> 
     </span>
     <span class='ocr_line' id='line_1_4' title="bbox 382 756 1517 839; baseline -0.003 -16"><span class='ocrx_word' id='word_1_19' title='bbox 382 758 611 824; x_wconf 87' lang='lat' dir='ltr'><strong>nihilominus</strong></span> <span class='ocrx_word' id='word_1_20' title='bbox 633 758 718 822; x_wconf 85' lang='lat' dir='ltr'><strong>sorte</strong></span> <span class='ocrx_word' id='word_1_21' title='bbox 741 778 792 820; x_wconf 91' lang='lat' dir='ltr'><strong>res</strong></span> <span class='ocrx_word' id='word_1_22' title='bbox 810 756 978 821; x_wconf 91' lang='lat' dir='ltr'><strong>auxiliaris</strong></span> <span class='ocrx_word' id='word_1_23' title='bbox 998 777 1071 820; x_wconf 87' lang='lat' dir='ltr'><strong>esse</strong></span> <span class='ocrx_word' id='word_1_24' title='bbox 1090 765 1202 838; x_wconf 84' lang='lat' dir='ltr'><strong>queat.</strong></span> <span class='ocrx_word' id='word_1_25' title='bbox 1256 757 1410 822; x_wconf 88' lang='lat' dir='ltr'><strong>Secunda</strong></span> <span class='ocrx_word' id='word_1_26' title='bbox 1435 757 1474 821; x_wconf 89' lang='lat' dir='ltr'><strong>fit</strong></span> <span class='ocrx_word' id='word_1_27' title='bbox 1496 778 1517 839; x_wconf 95' lang='lat' dir='ltr'>p</span> 
     </span>
     <span class='ocr_line' id='line_1_5' title="bbox 401 859 1517 944; baseline -0.004 -17"><span class='ocrx_word' id='word_1_28' title='bbox 401 865 660 928; x_wconf 87' lang='lat' dir='ltr'><strong>contractionem</strong></span> <span class='ocrx_word' id='word_1_29' title='bbox 676 861 820 944; x_wconf 90' lang='lat' dir='ltr'><strong>partium</strong></span> <span class='ocrx_word' id='word_1_30' title='bbox 837 861 1030 926; x_wconf 84' lang='lat' dir='ltr'>crassiorum</span> <span class='ocrx_word' id='word_1_31' title='bbox 1048 860 1081 922; x_wconf 91' lang='lat' dir='ltr'><strong>in</strong></span> <span class='ocrx_word' id='word_1_32' title='bbox 1097 881 1233 944; x_wconf 89' lang='lat' dir='ltr'><strong>corpore</strong></span> <span class='ocrx_word' id='word_1_33' title='bbox 1249 859 1367 944; x_wconf 90' lang='lat' dir='ltr'><strong>aliquo,</strong></span> <span class='ocrx_word' id='word_1_34' title='bbox 1383 871 1460 944; x_wconf 89' lang='lat' dir='ltr'><strong>post</strong></span> <span class='ocrx_word' id='word_1_35' title='bbox 1477 883 1517 924; x_wconf 91' lang='lat' dir='ltr'><strong>ev</strong></span> 
     </span>
     <span class='ocr_line' id='line_1_6' title="bbox 401 965 1516 1048; baseline -0.004 -18"><span class='ocrx_word' id='word_1_36' title='bbox 401 968 558 1032; x_wconf 89' lang='lat' dir='ltr'><strong>lationem</strong></span> <span class='ocrx_word' id='word_1_37' title='bbox 580 975 636 1030; x_wconf 94' lang='lat' dir='ltr'><strong>aut</strong></span> <span class='ocrx_word' id='word_1_38' title='bbox 656 967 785 1029; x_wconf 90' lang='lat' dir='ltr'><strong>exitum</strong></span> <span class='ocrx_word' id='word_1_39' title='bbox 808 965 952 1048; x_wconf 90' lang='lat' dir='ltr'><strong>partium</strong></span> <span class='ocrx_word' id='word_1_40' title='bbox 977 965 1172 1041; x_wconf 90' lang='lat' dir='ltr'><strong>tenuiorum,</strong></span> <span class='ocrx_word' id='word_1_41' title='bbox 1192 975 1228 1028; x_wconf 90' lang='lat' dir='ltr'><strong>ut</strong></span> <span class='ocrx_word' id='word_1_42' title='bbox 1252 965 1290 1029; x_wconf 88' lang='lat' dir='ltr'><strong>fit</strong></span> <span class='ocrx_word' id='word_1_43' title='bbox 1313 965 1346 1028; x_wconf 93' lang='lat' dir='ltr'><strong>in</strong></span> <span class='ocrx_word' id='word_1_44' title='bbox 1369 965 1516 1029; x_wconf 91' lang='lat' dir='ltr'><strong>indurati</strong></span> 
     </span>
     <span class='ocr_line' id='line_1_7' title="bbox 401 1067 1494 1153; baseline -0.004 -19"><span class='ocrx_word' id='word_1_45' title='bbox 401 1072 498 1135; x_wconf 91' lang='lat' dir='ltr'><strong>nibus</strong></span> <span class='ocrx_word' id='word_1_46' title='bbox 522 1090 579 1153; x_wconf 90' lang='lat' dir='ltr'><strong>per</strong></span> <span class='ocrx_word' id='word_1_47' title='bbox 605 1071 723 1151; x_wconf 85' lang='lat' dir='ltr'><strong>ignem,</strong></span> <span class='ocrx_word' id='word_1_48' title='bbox 748 1077 781 1130; x_wconf 90' lang='lat' dir='ltr'><strong>et</strong></span> <span class='ocrx_word' id='word_1_49' title='bbox 806 1068 953 1151; x_wconf 88' lang='lat' dir='ltr'><strong>repetitis</strong></span> <span class='ocrx_word' id='word_1_50' title='bbox 984 1068 1242 1133; x_wconf 90' lang='lat' dir='ltr'><strong>extinctionibus</strong></span> <span class='ocrx_word' id='word_1_51' title='bbox 1273 1067 1494 1143; x_wconf 89' lang='lat' dir='ltr'><strong>metallorum,</strong></span> 
     </span>
     <span class='ocr_line' id='line_1_8' title="bbox 399 1170 1517 1255; baseline -0.005 -18"><span class='ocrx_word' id='word_1_52' title='bbox 399 1173 572 1238; x_wconf 83' lang='lat' dir='ltr'><strong>similibus</strong></span> <span class='ocrx_word' id='word_1_53' title='bbox 616 1171 730 1236; x_wconf 87' lang='lat' dir='ltr'><strong>Tertia</strong></span> <span class='ocrx_word' id='word_1_54' title='bbox 752 1171 791 1235; x_wconf 85' lang='lat' dir='ltr'><strong>fit</strong></span> <span class='ocrx_word' id='word_1_55' title='bbox 813 1191 872 1255; x_wconf 91' lang='lat' dir='ltr'><strong>per</strong></span> <span class='ocrx_word' id='word_1_56' title='bbox 892 1171 1069 1236; x_wconf 87' lang='lat' dir='ltr'><strong>coitionem</strong></span> <span class='ocrx_word' id='word_1_57' title='bbox 1092 1171 1236 1254; x_wconf 90' lang='lat' dir='ltr'><strong>partium</strong></span> <span class='ocrx_word' id='word_1_58' title='bbox 1259 1170 1517 1254; x_wconf 81' lang='lat' dir='ltr'><strong>homogenearur</strong></span> 
     </span>
     <span class='ocr_line' id='line_1_9' title="bbox 399 1275 1517 1360; baseline -0.007 -19"><span class='ocrx_word' id='word_1_59' title='bbox 399 1284 585 1360; x_wconf 90' lang='lat' dir='ltr'><strong>quaesunt</strong></span> <span class='ocrx_word' id='word_1_60' title='bbox 615 1275 762 1338; x_wconf 85' lang='lat' dir='ltr'><strong>maxime</strong></span> <span class='ocrx_word' id='word_1_61' title='bbox 791 1275 918 1339; x_wconf 89' lang='lat' dir='ltr'><strong>solidae</strong></span> <span class='ocrx_word' id='word_1_62' title='bbox 946 1276 979 1338; x_wconf 93' lang='lat' dir='ltr'><strong>in</strong></span> <span class='ocrx_word' id='word_1_63' title='bbox 1010 1295 1148 1358; x_wconf 89' lang='lat' dir='ltr'><strong>corpore</strong></span> <span class='ocrx_word' id='word_1_64' title='bbox 1176 1275 1296 1357; x_wconf 92' lang='lat' dir='ltr'><strong>aliquo,</strong></span> <span class='ocrx_word' id='word_1_65' title='bbox 1322 1285 1422 1356; x_wconf 89' lang='lat' dir='ltr'><strong>atque</strong></span> <span class='ocrx_word' id='word_1_66' title='bbox 1452 1284 1517 1336; x_wconf 68' lang='lat' dir='ltr'><strong>ant&lt;</strong></span> 
     </span>
     <span class='ocr_line' id='line_1_10' title="bbox 399 1378 1517 1456; baseline -0.005 -11"><span class='ocrx_word' id='word_1_67' title='bbox 399 1382 527 1445; x_wconf 81' lang='lat' dir='ltr'><strong>fuerant</strong></span> <span class='ocrx_word' id='word_1_68' title='bbox 551 1380 736 1456; x_wconf 86' lang='lat' dir='ltr'><strong>distractae,</strong></span> <span class='ocrx_word' id='word_1_69' title='bbox 762 1389 896 1444; x_wconf 89' lang='lat' dir='ltr'><strong>etcum</strong></span> <span class='ocrx_word' id='word_1_70' title='bbox 926 1379 1033 1442; x_wconf 89' lang='lat' dir='ltr'><strong>minus</strong></span> <span class='ocrx_word' id='word_1_71' title='bbox 1063 1379 1177 1443; x_wconf 91' lang='lat' dir='ltr'><strong>solidis</strong></span> <span class='ocrx_word' id='word_1_72' title='bbox 1203 1379 1416 1442; x_wconf 86' lang='lat' dir='ltr'><strong>commistae:</strong></span> <span class='ocrx_word' id='word_1_73' title='bbox 1448 1378 1517 1441; x_wconf 76' lang='lat' dir='ltr'><strong>velt</strong></span> 
     </span>
     <span class='ocr_line' id='line_1_11' title="bbox 399 1481 1517 1565; baseline -0.004 -17"><span class='ocrx_word' id='word_1_74' title='bbox 399 1485 432 1548; x_wconf 90' lang='lat' dir='ltr'><strong>in</strong></span> <span class='ocrx_word' id='word_1_75' title='bbox 448 1483 657 1549; x_wconf 81' lang='lat' dir='ltr'><strong>restitutione</strong></span> <span class='ocrx_word' id='word_1_76' title='bbox 678 1482 826 1546; x_wconf 88' lang='lat' dir='ltr'><strong>mercurii</strong></span> <span class='ocrx_word' id='word_1_77' title='bbox 846 1482 1025 1554; x_wconf 91' lang='lat' dir='ltr'><strong>sublimati,</strong></span> <span class='ocrx_word' id='word_1_78' title='bbox 1041 1483 1097 1565; x_wconf 90' lang='lat' dir='ltr'><strong>qui</strong></span> <span class='ocrx_word' id='word_1_79' title='bbox 1121 1482 1155 1544; x_wconf 93' lang='lat' dir='ltr'><strong>in</strong></span> <span class='ocrx_word' id='word_1_80' title='bbox 1174 1482 1310 1564; x_wconf 90' lang='lat' dir='ltr'><strong>pulvere</strong></span> <span class='ocrx_word' id='word_1_81' title='bbox 1327 1481 1427 1565; x_wconf 86' lang='lat' dir='ltr'><strong>longe</strong></span> <span class='ocrx_word' id='word_1_82' title='bbox 1445 1481 1517 1561; x_wconf 51' lang='lat' dir='ltr'><strong>majZ</strong></span> 
     </span>
     <span class='ocr_line' id='line_1_12' title="bbox 401 1585 1514 1670; baseline -0.006 -17"><span class='ocrx_word' id='word_1_83' title='bbox 401 1596 542 1670; x_wconf 87' lang='lat' dir='ltr'><strong>occupat</strong></span> <span class='ocrx_word' id='word_1_84' title='bbox 558 1587 701 1669; x_wconf 86' lang='lat' dir='ltr'><strong>spatium</strong></span> <span class='ocrx_word' id='word_1_85' title='bbox 718 1606 818 1668; x_wconf 90' lang='lat' dir='ltr'><strong>quam</strong></span> <span class='ocrx_word' id='word_1_86' title='bbox 835 1586 1014 1650; x_wconf 89' lang='lat' dir='ltr'><strong>mercurius</strong></span> <span class='ocrx_word' id='word_1_87' title='bbox 1029 1585 1181 1669; x_wconf 85' lang='lat' dir='ltr'><strong>simplex,</strong></span> <span class='ocrx_word' id='word_1_88' title='bbox 1196 1595 1229 1648; x_wconf 89' lang='lat' dir='ltr'><strong>et</strong></span> <span class='ocrx_word' id='word_1_89' title='bbox 1245 1585 1395 1649; x_wconf 89' lang='lat' dir='ltr'><strong>similiter</strong></span> <span class='ocrx_word' id='word_1_90' title='bbox 1410 1585 1442 1646; x_wconf 95' lang='lat' dir='ltr'><strong>in</strong></span> <span class='ocrx_word' id='word_1_91' title='bbox 1459 1605 1514 1647; x_wconf 91' lang='lat' dir='ltr'><strong>orn</strong></span> 
     </span>
     <span class='ocr_line' id='line_1_13' title="bbox 401 1688 1517 1776; baseline -0.005 -21"><span class='ocrx_word' id='word_1_92' title='bbox 401 1691 634 1776; x_wconf 86' lang='lat' dir='ltr'><strong>repurgatione</strong></span> <span class='ocrx_word' id='word_1_93' title='bbox 658 1689 868 1752; x_wconf 90' lang='lat' dir='ltr'><strong>metallorum</strong></span> <span class='ocrx_word' id='word_1_94' title='bbox 888 1711 908 1754; x_wconf 92' lang='lat' dir='ltr'><strong>a</strong></span> <span class='ocrx_word' id='word_1_95' title='bbox 930 1690 1043 1753; x_wconf 90' lang='lat' dir='ltr'><strong>scoriis</strong></span> <span class='ocrx_word' id='word_1_96' title='bbox 1066 1690 1142 1753; x_wconf 89' lang='lat' dir='ltr'><strong>suis.</strong></span> <span class='ocrx_word' id='word_1_97' title='bbox 1188 1688 1315 1772; x_wconf 89' lang='lat' dir='ltr'><strong>Quarta</strong></span> <span class='ocrx_word' id='word_1_98' title='bbox 1335 1688 1372 1752; x_wconf 86' lang='lat' dir='ltr'><strong>fit</strong></span> <span class='ocrx_word' id='word_1_99' title='bbox 1394 1709 1452 1770; x_wconf 91' lang='lat' dir='ltr'><strong>per</strong></span> <span class='ocrx_word' id='word_1_100' title='bbox 1473 1709 1517 1752; x_wconf 64' lang='lat' dir='ltr'><strong>co}</strong></span> 
     </span>
     <span class='ocr_line' id='line_1_14' title="bbox 400 1793 1517 1876; baseline -0.005 -16"><span class='ocrx_word' id='word_1_101' title='bbox 400 1815 514 1860; x_wconf 88' lang='lat' dir='ltr'><strong>sensus</strong></span> <span class='ocrx_word' id='word_1_102' title='bbox 525 1795 560 1871; x_wconf 74' lang='lat'><strong>¹⁹,</strong></span> <span class='ocrx_word' id='word_1_103' title='bbox 572 1794 780 1858; x_wconf 91' lang='lat' dir='ltr'><strong>admovendo</strong></span> <span class='ocrx_word' id='word_1_104' title='bbox 791 1813 877 1875; x_wconf 89' lang='lat' dir='ltr'><strong>quae</strong></span> <span class='ocrx_word' id='word_1_105' title='bbox 893 1814 937 1856; x_wconf 92' lang='lat' dir='ltr'><strong>ex</strong></span> <span class='ocrx_word' id='word_1_106' title='bbox 949 1794 982 1856; x_wconf 95' lang='lat' dir='ltr'><strong>vi</strong></span> <span class='ocrx_word' id='word_1_107' title='bbox 994 1813 1171 1876; x_wconf 90' lang='lat' dir='ltr'><strong>corporum</strong></span> <span class='ocrx_word' id='word_1_108' title='bbox 1186 1793 1315 1857; x_wconf 91' lang='lat' dir='ltr'><strong>occulta</strong></span> <span class='ocrx_word' id='word_1_109' title='bbox 1329 1794 1517 1856; x_wconf 90' lang='lat' dir='ltr'><strong>condensan</strong></span> 
     </span>
     <span class='ocr_line' id='line_1_15' title="bbox 400 1896 1517 1981; baseline -0.004 -19"><span class='ocrx_word' id='word_1_110' title='bbox 400 1899 457 1981; x_wconf 90' lang='lat' dir='ltr'><strong>qui</strong></span> <span class='ocrx_word' id='word_1_111' title='bbox 478 1917 657 1962; x_wconf 87' lang='lat' dir='ltr'><strong>consensus</strong></span> <span class='ocrx_word' id='word_1_112' title='bbox 675 1896 783 1960; x_wconf 90' lang='lat' dir='ltr'><strong>adhuc</strong></span> <span class='ocrx_word' id='word_1_113' title='bbox 799 1917 875 1960; x_wconf 89' lang='lat' dir='ltr'><strong>raro</strong></span> <span class='ocrx_word' id='word_1_114' title='bbox 892 1917 927 1960; x_wconf 92' lang='lat' dir='ltr'><strong>se</strong></span> <span class='ocrx_word' id='word_1_115' title='bbox 948 1896 1146 1974; x_wconf 90' lang='lat' dir='ltr'><strong>ostendunt;</strong></span> <span class='ocrx_word' id='word_1_116' title='bbox 1169 1896 1259 1978; x_wconf 92' lang='lat' dir='ltr'><strong>quod</strong></span> <span class='ocrx_word' id='word_1_117' title='bbox 1276 1896 1394 1960; x_wconf 93' lang='lat' dir='ltr'><strong>mirum</strong></span> <span class='ocrx_word' id='word_1_118' title='bbox 1413 1897 1517 1958; x_wconf 91' lang='lat' dir='ltr'><strong>minin</strong></span> 
     </span>
     <span class='ocr_line' id='line_1_16' title="bbox 399 1998 1515 2083; baseline -0.004 -18"><span class='ocrx_word' id='word_1_119' title='bbox 399 2013 459 2076; x_wconf 93' lang='lat' dir='ltr'><strong>est,</strong></span> <span class='ocrx_word' id='word_1_120' title='bbox 478 2001 635 2083; x_wconf 87' lang='lat' dir='ltr'><strong>quoniam</strong></span> <span class='ocrx_word' id='word_1_121' title='bbox 658 2011 837 2082; x_wconf 88' lang='lat' dir='ltr'><strong>antequam</strong></span> <span class='ocrx_word' id='word_1_122' title='bbox 860 2001 1006 2065; x_wconf 91' lang='lat' dir='ltr'><strong>inventio</strong></span> <span class='ocrx_word' id='word_1_123' title='bbox 1026 2001 1180 2064; x_wconf 87' lang='lat' dir='ltr'><strong>succedat</strong></span> <span class='ocrx_word' id='word_1_124' title='bbox 1204 1999 1381 2063; x_wconf 84' lang='lat' dir='ltr'><strong>formarum</strong></span> <span class='ocrx_word' id='word_1_125' title='bbox 1403 2010 1437 2063; x_wconf 89' lang='lat' dir='ltr'><strong>et</strong></span> <span class='ocrx_word' id='word_1_126' title='bbox 1457 1998 1515 2063; x_wconf 91' lang='lat' dir='ltr'><strong>sch</strong></span> 
     </span>
     <span class='ocr_line' id='line_1_17' title="bbox 400 2102 1515 2186; baseline -0.005 -16"><span class='ocrx_word' id='word_1_127' title='bbox 400 2107 639 2180; x_wconf 88' lang='lat' dir='ltr'><strong>matismorum,</strong></span> <span class='ocrx_word' id='word_1_128' title='bbox 662 2105 706 2166; x_wconf 90' lang='lat' dir='ltr'><strong>de</strong></span> <span class='ocrx_word' id='word_1_129' title='bbox 733 2103 944 2186; x_wconf 89' lang='lat' dir='ltr'><strong>inquisitione</strong></span> <span class='ocrx_word' id='word_1_130' title='bbox 969 2123 1189 2168; x_wconf 89' lang='lat' dir='ltr'><strong>consensuum</strong></span> <span class='ocrx_word' id='word_1_131' title='bbox 1215 2123 1280 2166; x_wconf 93' lang='lat' dir='ltr'><strong>non</strong></span> <span class='ocrx_word' id='word_1_132' title='bbox 1307 2102 1448 2165; x_wconf 90' lang='lat' dir='ltr'><strong>multum</strong></span> <span class='ocrx_word' id='word_1_133' title='bbox 1474 2123 1515 2184; x_wconf 90' lang='lat' dir='ltr'><strong>sp</strong></span> 
     </span>
     <span class='ocr_line' id='line_1_18' title="bbox 400 2206 1517 2289; baseline -0.004 -17"><span class='ocrx_word' id='word_1_134' title='bbox 400 2209 539 2272; x_wconf 90' lang='lat' dir='ltr'><strong>randum</strong></span> <span class='ocrx_word' id='word_1_135' title='bbox 566 2217 627 2270; x_wconf 90' lang='lat' dir='ltr'><strong>est.</strong></span> <span class='ocrx_word' id='word_1_136' title='bbox 673 2207 772 2272; x_wconf 88' lang='lat' dir='ltr'><strong>Certe</strong></span> <span class='ocrx_word' id='word_1_137' title='bbox 794 2209 908 2289; x_wconf 88' lang='lat' dir='ltr'><strong>quoad</strong></span> <span class='ocrx_word' id='word_1_138' title='bbox 932 2227 1071 2289; x_wconf 88' lang='lat' dir='ltr'><strong>corpora</strong></span> <span class='ocrx_word' id='word_1_139' title='bbox 1096 2206 1297 2281; x_wconf 87' lang='lat' dir='ltr'><strong>animalium,</strong></span> <span class='ocrx_word' id='word_1_140' title='bbox 1321 2207 1457 2270; x_wconf 89' lang='lat' dir='ltr'><strong>dubium</strong></span> <span class='ocrx_word' id='word_1_141' title='bbox 1483 2228 1517 2268; x_wconf 85' lang='lat' dir='ltr'><strong>n&lt;</strong></span> 
     </span>
     <span class='ocr_line' id='line_1_19' title="bbox 399 2311 1517 2396; baseline -0.004 -19"><span class='ocrx_word' id='word_1_142' title='bbox 399 2323 448 2378; x_wconf 91' lang='lat' dir='ltr'><strong>est</strong></span> <span class='ocrx_word' id='word_1_143' title='bbox 463 2312 543 2396; x_wconf 91' lang='lat' dir='ltr'><strong>quin</strong></span> <span class='ocrx_word' id='word_1_144' title='bbox 558 2312 623 2376; x_wconf 91' lang='lat' dir='ltr'><strong>sint</strong></span> <span class='ocrx_word' id='word_1_145' title='bbox 639 2312 826 2395; x_wconf 86' lang='lat' dir='ltr'><strong>complures</strong></span> <span class='ocrx_word' id='word_1_146' title='bbox 845 2311 1035 2387; x_wconf 87' lang='lat' dir='ltr'><strong>medicinae,</strong></span> <span class='ocrx_word' id='word_1_147' title='bbox 1050 2321 1119 2375; x_wconf 89' lang='lat' dir='ltr'><strong>tam</strong></span> <span class='ocrx_word' id='word_1_148' title='bbox 1140 2311 1273 2374; x_wconf 90' lang='lat' dir='ltr'><strong>interius</strong></span> <span class='ocrx_word' id='word_1_149' title='bbox 1287 2331 1387 2392; x_wconf 91' lang='lat' dir='ltr'><strong>quam</strong></span> <span class='ocrx_word' id='word_1_150' title='bbox 1403 2312 1517 2374; x_wconf 73' lang='lat' dir='ltr'><strong>exterit</strong></span> 
     </span>
     <span class='ocr_line' id='line_1_20' title="bbox 399 2416 1517 2501; baseline -0.004 -21"><span class='ocrx_word' id='word_1_151' title='bbox 399 2426 561 2501; x_wconf 89' lang='lat' dir='ltr'><strong>sumptae,</strong></span> <span class='ocrx_word' id='word_1_152' title='bbox 579 2436 664 2498; x_wconf 90' lang='lat' dir='ltr'><strong>quae</strong></span> <span class='ocrx_word' id='word_1_153' title='bbox 686 2416 891 2480; x_wconf 89' lang='lat' dir='ltr'><strong>condensant</strong></span> <span class='ocrx_word' id='word_1_154' title='bbox 908 2425 1071 2498; x_wconf 87' lang='lat' dir='ltr'><strong>tanquam</strong></span> <span class='ocrx_word' id='word_1_155' title='bbox 1095 2435 1153 2496; x_wconf 88' lang='lat' dir='ltr'><strong>per</strong></span> <span class='ocrx_word' id='word_1_156' title='bbox 1173 2434 1376 2488; x_wconf 89' lang='lat' dir='ltr'><strong>consensum,</strong></span> <span class='ocrx_word' id='word_1_157' title='bbox 1395 2425 1430 2478; x_wconf 94' lang='lat' dir='ltr'><strong>ut</strong></span> <span class='ocrx_word' id='word_1_158' title='bbox 1449 2419 1517 2497; x_wconf 86' lang='lat' dir='ltr'><strong>pau]</strong></span> 
     </span>
     <span class='ocr_line' id='line_1_21' title="bbox 400 2517 1517 2602; baseline -0.004 -18"><span class='ocrx_word' id='word_1_159' title='bbox 400 2531 477 2586; x_wconf 92' lang='lat' dir='ltr'><strong>ante</strong></span> <span class='ocrx_word' id='word_1_160' title='bbox 495 2520 650 2584; x_wconf 83' lang='lat' dir='ltr'><strong>diximus.</strong></span> <span class='ocrx_word' id='word_1_161' title='bbox 697 2517 763 2583; x_wconf 90' lang='lat' dir='ltr'><strong>Sed</strong></span> <span class='ocrx_word' id='word_1_162' title='bbox 779 2519 811 2581; x_wconf 89' lang='lat' dir='ltr'><strong>in</strong></span> <span class='ocrx_word' id='word_1_163' title='bbox 827 2518 1014 2583; x_wconf 89' lang='lat' dir='ltr'><strong>inanimatis</strong></span> <span class='ocrx_word' id='word_1_164' title='bbox 1029 2539 1102 2584; x_wconf 89' lang='lat' dir='ltr'><strong>rara</strong></span> <span class='ocrx_word' id='word_1_165' title='bbox 1120 2527 1170 2583; x_wconf 89' lang='lat' dir='ltr'><strong>est</strong></span> <span class='ocrx_word' id='word_1_166' title='bbox 1185 2518 1375 2600; x_wconf 90' lang='lat' dir='ltr'><strong>hujusmodi</strong></span> <span class='ocrx_word' id='word_1_167' title='bbox 1390 2521 1517 2602; x_wconf 90' lang='lat' dir='ltr'><strong>operati</strong></span> 
     </span>
     <span class='ocr_line' id='line_1_22' title="bbox 402 2621 1512 2706; baseline -0.003 -19"><span class='ocrx_word' id='word_1_168' title='bbox 402 2624 591 2689; x_wconf 87' lang='lat' dir='ltr'><strong>Percrebuit</strong></span> <span class='ocrx_word' id='word_1_169' title='bbox 613 2641 700 2696; x_wconf 88' lang='lat' dir='ltr'><strong>sane,</strong></span> <span class='ocrx_word' id='word_1_170' title='bbox 721 2631 789 2686; x_wconf 91' lang='lat' dir='ltr'><strong>tam</strong></span> <span class='ocrx_word' id='word_1_171' title='bbox 813 2623 941 2706; x_wconf 87' lang='lat' dir='ltr'><strong>scriptis</strong></span> <span class='ocrx_word' id='word_1_172' title='bbox 963 2644 1064 2705; x_wconf 90' lang='lat' dir='ltr'><strong>quarn</strong></span> <span class='ocrx_word' id='word_1_173' title='bbox 1086 2624 1183 2697; x_wconf 85' lang='lat' dir='ltr'><strong>lama,</strong></span> <span class='ocrx_word' id='word_1_174' title='bbox 1203 2622 1346 2688; x_wconf 89' lang='lat' dir='ltr'><strong>narratio</strong></span> <span class='ocrx_word' id='word_1_175' title='bbox 1369 2621 1411 2686; x_wconf 89' lang='lat' dir='ltr'><strong>de</strong></span> <span class='ocrx_word' id='word_1_176' title='bbox 1432 2622 1512 2686; x_wconf 90' lang='lat' dir='ltr'><strong>arbo</strong></span> 
     </span>
    </p>
   </div>
   <div class='ocr_carea' id='block_1_3' title="bbox 399 2720 1516 3016">
    <p class='ocr_par' dir='ltr' id='par_1_3' title="bbox 399 2720 1516 3016">
     <span class='ocr_line' id='line_1_23' title="bbox 400 2720 1516 2810; baseline -0.001 -19"><span class='ocrx_word' id='word_1_177' title='bbox 400 2729 432 2792; x_wconf 92' lang='lat' dir='ltr'><strong>in</strong></span> <span class='ocrx_word' id='word_1_178' title='bbox 456 2749 520 2792; x_wconf 90' lang='lat' dir='ltr'><strong>una</strong></span> <span class='ocrx_word' id='word_1_179' title='bbox 546 2747 590 2790; x_wconf 91' lang='lat' dir='ltr'><strong>ex</strong></span> <span class='ocrx_word' id='word_1_180' title='bbox 618 2725 729 2791; x_wconf 91' lang='lat' dir='ltr'><strong>insulis</strong></span> <span class='ocrx_word' id='word_1_181' title='bbox 755 2727 822 2789; x_wconf 83' lang='lat' dir='ltr'><strong>sive</strong></span> <span class='ocrx_word' id='word_1_182' title='bbox 842 2727 992 2790; x_wconf 90' lang='lat' dir='ltr'><strong>Terceris</strong></span> <span class='ocrx_word' id='word_1_183' title='bbox 1002 2727 1029 2764; x_wconf 86' lang='lat'><strong>²⁰</strong></span> <span class='ocrx_word' id='word_1_184' title='bbox 1053 2729 1121 2791; x_wconf 91' lang='lat' dir='ltr'><strong>sive</strong></span> <span class='ocrx_word' id='word_1_185' title='bbox 1146 2725 1293 2792; x_wconf 90' lang='lat' dir='ltr'><strong>Canariis</strong></span> <span class='ocrx_word' id='word_1_186' title='bbox 1315 2720 1434 2810; x_wconf 92' lang='lat' dir='ltr'><strong>(neque</strong></span> <span class='ocrx_word' id='word_1_187' title='bbox 1460 2727 1516 2790; x_wconf 76' lang='lat' dir='ltr'><strong>eni:</strong></span> 
     </span>
     <span class='ocr_line' id='line_1_24' title="bbox 399 2827 1515 2914; baseline 0 -20"><span class='ocrx_word' id='word_1_188' title='bbox 399 2831 485 2896; x_wconf 90' lang='lat' dir='ltr'><strong>bene</strong></span> <span class='ocrx_word' id='word_1_189' title='bbox 515 2827 673 2914; x_wconf 87' lang='lat' dir='ltr'><strong>memini),</strong></span> <span class='ocrx_word' id='word_1_190' title='bbox 700 2850 784 2911; x_wconf 90' lang='lat' dir='ltr'><strong>quae</strong></span> <span class='ocrx_word' id='word_1_191' title='bbox 815 2841 974 2914; x_wconf 88' lang='lat' dir='ltr'><strong>perpetuo</strong></span> <span class='ocrx_word' id='word_1_192' title='bbox 1004 2830 1125 2904; x_wconf 84' lang='lat' dir='ltr'><strong>stillat3</strong></span> <span class='ocrx_word' id='word_1_193' title='bbox 1154 2831 1239 2893; x_wconf 90' lang='lat' dir='ltr'><strong>adeo</strong></span> <span class='ocrx_word' id='word_1_194' title='bbox 1269 2840 1305 2893; x_wconf 93' lang='lat' dir='ltr'><strong>ut</strong></span> <span class='ocrx_word' id='word_1_195' title='bbox 1335 2830 1515 2894; x_wconf 86' lang='lat' dir='ltr'><strong>inhabitant</strong></span> 
     </span>
     <span class='ocr_line' id='line_1_25' title="bbox 399 2931 1515 3016; baseline -0.004 -16"><span class='ocrx_word' id='word_1_196' title='bbox 399 2937 462 3001; x_wconf 92' lang='lat' dir='ltr'><strong>bus</strong></span> <span class='ocrx_word' id='word_1_197' title='bbox 481 2935 674 2999; x_wconf 87' lang='lat' dir='ltr'><strong>nonnullam</strong></span> <span class='ocrx_word' id='word_1_198' title='bbox 695 2935 969 2999; x_wconf 88' lang='lat' dir='ltr'><strong>commoditatem</strong></span> <span class='ocrx_word' id='word_1_199' title='bbox 989 2955 1096 3016; x_wconf 89' lang='lat' dir='ltr'><strong>aquae</strong></span> <span class='ocrx_word' id='word_1_200' title='bbox 1111 2933 1265 3016; x_wconf 89' lang='lat' dir='ltr'><strong>praebeat</strong></span> <span class='ocrx_word' id='word_1_201' title='bbox 1278 2931 1311 2994; x_wconf 81' lang='lat'><strong>²¹.</strong></span> <span class='ocrx_word' id='word_1_202' title='bbox 1359 2932 1515 2997; x_wconf 77' lang='lat' dir='ltr'><strong>Paracelsr</strong></span> 
     </span>
    </p>
   </div>
   <div class='ocr_carea' id='block_1_4' title="bbox 395 3144 1514 4544">
    <p class='ocr_par' dir='ltr' id='par_1_4' title="bbox 435 3144 789 3214">
     <span class='ocr_line' id='line_1_26' title="bbox 435 3144 789 3214; baseline 0.003 -15"><span class='ocrx_word' id='word_1_203' title='bbox 435 3144 456 3175; x_wconf 74' lang='lat'><strong>¹⁰</strong></span> <span class='ocrx_word' id='word_1_204' title='bbox 473 3146 547 3200; x_wconf 89' lang='lat' dir='ltr'><strong>That</strong></span> <span class='ocrx_word' id='word_1_205' title='bbox 562 3145 593 3212; x_wconf 89' lang='lat' dir='ltr'><strong>is,</strong></span> <span class='ocrx_word' id='word_1_206' title='bbox 607 3144 789 3214; x_wconf 86' lang='lat' dir='ltr'><strong>sympathies.</strong></span> 
     </span>
    </p>

    <p class='ocr_par' dir='ltr' id='par_1_5' title="bbox 433 3225 833 3282">
     <span class='ocr_line' id='line_1_27' title="bbox 433 3225 833 3282; baseline 0.003 -1"><span class='ocrx_word' id='word_1_207' title='bbox 433 3225 456 3258; x_wconf 80' lang='lat'><strong>²⁰</strong></span> <span class='ocrx_word' id='word_1_208' title='bbox 475 3229 546 3282; x_wconf 90' lang='lat' dir='ltr'><strong>Now</strong></span> <span class='ocrx_word' id='word_1_209' title='bbox 559 3227 648 3282; x_wconf 89' lang='lat' dir='ltr'><strong>called</strong></span> <span class='ocrx_word' id='word_1_210' title='bbox 661 3229 708 3282; x_wconf 88' lang='lat' dir='ltr'><strong>the</strong></span> <span class='ocrx_word' id='word_1_211' title='bbox 721 3231 833 3282; x_wconf 82' lang='lat' dir='ltr'><strong>Azores.</strong></span> 
     </span>
    </p>

    <p class='ocr_par' dir='ltr' id='par_1_6' title="bbox 395 3307 1514 4194">
     <span class='ocr_line' id='line_1_28' title="bbox 431 3307 1514 3381; baseline -0.001 -18"><span class='ocrx_word' id='word_1_212' title='bbox 431 3307 453 3340; x_wconf 74' lang='lat'><strong>²¹</strong></span> <span class='ocrx_word' id='word_1_213' title='bbox 472 3310 1514 3381; x_wconf 77' lang='lat' dir='ltr'><strong>‘ThiswonderlultreeisdescribedinJonston&#39;sDendrographia,publishr</strong></span> 
     </span>
     <span class='ocr_line' id='line_1_29' title="bbox 396 3392 1513 3462; baseline 0 -14"><span class='ocrx_word' id='word_1_214' title='bbox 396 3403 425 3448; x_wconf 89' lang='lat' dir='ltr'><strong>at</strong></span> <span class='ocrx_word' id='word_1_215' title='bbox 439 3392 588 3447; x_wconf 86' lang='lat' dir='ltr'><strong>Franklort</strong></span> <span class='ocrx_word' id='word_1_216' title='bbox 602 3393 630 3446; x_wconf 92' lang='lat' dir='ltr'><strong>in</strong></span> <span class='ocrx_word' id='word_1_217' title='bbox 647 3395 723 3461; x_wconf 88' lang='lat'>1669.</span> <span class='ocrx_word' id='word_1_218' title='bbox 760 3395 813 3448; x_wconf 87' lang='lat' dir='ltr'><strong>See</strong></span> <span class='ocrx_word' id='word_1_219' title='bbox 827 3394 902 3448; x_wconf 89' lang='lat' dir='ltr'><strong>book</strong></span> <span class='ocrx_word' id='word_1_220' title='bbox 920 3395 968 3449; x_wconf 90' lang='lat' dir='ltr'><strong>the</strong></span> <span class='ocrx_word' id='word_1_221' title='bbox 985 3397 1073 3460; x_wconf 88' lang='lat' dir='ltr'><strong>tenth,</strong></span> <span class='ocrx_word' id='word_1_222' title='bbox 1090 3413 1113 3450; x_wconf 83' lang='lat' dir='ltr'><strong>c</strong></span> <span class='ocrx_word' id='word_1_223' title='bbox 1131 3410 1156 3462; x_wconf 84' lang='grc'><strong>4.</strong></span> <span class='ocrx_word' id='word_1_224' title='bbox 1194 3395 1259 3448; x_wconf 89' lang='lat' dir='ltr'><strong>One</strong></span> <span class='ocrx_word' id='word_1_225' title='bbox 1276 3395 1306 3449; x_wconf 87' lang='lat' dir='ltr'><strong>ol</strong></span> <span class='ocrx_word' id='word_1_226' title='bbox 1319 3395 1368 3450; x_wconf 88' lang='lat' dir='ltr'><strong>the</strong></span> <span class='ocrx_word' id='word_1_227' title='bbox 1384 3393 1513 3448; x_wconf 86' lang='lat' dir='ltr'><strong>authoriti</strong></span> 
     </span>
     <span class='ocr_line' id='line_1_30' title="bbox 398 3475 1513 3548; baseline 0.002 -18"><span class='ocrx_word' id='word_1_228' title='bbox 398 3477 434 3532; x_wconf 90' lang='lat' dir='ltr'><strong>he</strong></span> <span class='ocrx_word' id='word_1_229' title='bbox 450 3475 536 3530; x_wconf 78' lang='lat' dir='ltr'><strong>refers</strong></span> <span class='ocrx_word' id='word_1_230' title='bbox 555 3486 584 3530; x_wconf 89' lang='lat' dir='ltr'><strong>to</strong></span> <span class='ocrx_word' id='word_1_231' title='bbox 603 3475 626 3529; x_wconf 94' lang='lat' dir='ltr'><strong>is</strong></span> <span class='ocrx_word' id='word_1_232' title='bbox 647 3476 758 3531; x_wconf 86' lang='lat' dir='ltr'><strong>Cardan</strong></span> <span class='ocrx_word' id='word_1_233' title='bbox 778 3476 835 3544; x_wconf 88' lang='lat' dir='ltr'><strong>(De</strong></span> <span class='ocrx_word' id='word_1_234' title='bbox 854 3477 951 3532; x_wconf 88' lang='lat' dir='ltr'><strong>variet.</strong></span> <span class='ocrx_word' id='word_1_235' title='bbox 969 3479 1082 3546; x_wconf 84' lang='lat' dir='ltr'><strong>rerum),</strong></span> <span class='ocrx_word' id='word_1_236' title='bbox 1102 3477 1173 3532; x_wconf 85' lang='lat' dir='ltr'><strong>lrom</strong></span> <span class='ocrx_word' id='word_1_237' title='bbox 1193 3477 1285 3532; x_wconf 88' lang='lat' dir='ltr'><strong>whom</strong></span> <span class='ocrx_word' id='word_1_238' title='bbox 1304 3487 1353 3532; x_wconf 90' lang='lat' dir='ltr'><strong>not</strong></span> <span class='ocrx_word' id='word_1_239' title='bbox 1372 3477 1513 3548; x_wconf 87' lang='lat' dir='ltr'><strong>improbah</strong></span> 
     </span>
     <span class='ocr_line' id='line_1_31' title="bbox 398 3558 1496 3629; baseline 0.002 -16"><span class='ocrx_word' id='word_1_240' title='bbox 398 3561 493 3613; x_wconf 87' lang='lat' dir='ltr'><strong>Bacon</strong></span> <span class='ocrx_word' id='word_1_241' title='bbox 508 3558 621 3613; x_wconf 88' lang='lat' dir='ltr'><strong>derived</strong></span> <span class='ocrx_word' id='word_1_242' title='bbox 634 3559 681 3613; x_wconf 91' lang='lat' dir='ltr'><strong>the</strong></span> <span class='ocrx_word' id='word_1_243' title='bbox 699 3571 782 3629; x_wconf 87' lang='lat' dir='ltr'><strong>story.</strong></span> <span class='ocrx_word' id='word_1_244' title='bbox 819 3561 881 3614; x_wconf 89' lang='lat' dir='ltr'><strong>The</strong></span> <span class='ocrx_word' id='word_1_245' title='bbox 899 3570 957 3616; x_wconf 89' lang='lat' dir='ltr'><strong>tree</strong></span> <span class='ocrx_word' id='word_1_246' title='bbox 974 3561 997 3615; x_wconf 89' lang='lat' dir='ltr'><strong>is</strong></span> <span class='ocrx_word' id='word_1_247' title='bbox 1015 3561 1077 3616; x_wconf 90' lang='lat' dir='ltr'><strong>said</strong></span> <span class='ocrx_word' id='word_1_248' title='bbox 1092 3571 1122 3618; x_wconf 91' lang='lat' dir='ltr'><strong>to</strong></span> <span class='ocrx_word' id='word_1_249' title='bbox 1137 3563 1173 3616; x_wconf 89' lang='lat' dir='ltr'><strong>be</strong></span> <span class='ocrx_word' id='word_1_250' title='bbox 1190 3561 1277 3617; x_wconf 80' lang='lat' dir='ltr'><strong>found</strong></span> <span class='ocrx_word' id='word_1_251' title='bbox 1294 3561 1322 3616; x_wconf 91' lang='lat' dir='ltr'><strong>in</strong></span> <span class='ocrx_word' id='word_1_252' title='bbox 1341 3563 1389 3616; x_wconf 91' lang='lat' dir='ltr'><strong>the</strong></span> <span class='ocrx_word' id='word_1_253' title='bbox 1408 3561 1496 3616; x_wconf 88' lang='lat' dir='ltr'><strong>island</strong></span> 
     </span>
     <span class='ocr_line' id='line_1_32' title="bbox 397 3640 1499 3714; baseline 0.002 -16"><span class='ocrx_word' id='word_1_254' title='bbox 397 3643 491 3698; x_wconf 87' lang='lat' dir='ltr'><strong>Ferro.</strong></span> <span class='ocrx_word' id='word_1_255' title='bbox 530 3640 650 3708; x_wconf 88' lang='lat' dir='ltr'><strong>Cardan,</strong></span> <span class='ocrx_word' id='word_1_256' title='bbox 668 3641 732 3696; x_wconf 89' lang='lat' dir='ltr'><strong>with</strong></span> <span class='ocrx_word' id='word_1_257' title='bbox 749 3659 826 3697; x_wconf 82' lang='lat' dir='ltr'><strong>more</strong></span> <span class='ocrx_word' id='word_1_258' title='bbox 843 3644 911 3698; x_wconf 89' lang='lat' dir='ltr'><strong>than</strong></span> <span class='ocrx_word' id='word_1_259' title='bbox 931 3645 1009 3700; x_wconf 88' lang='lat' dir='ltr'><strong>usual</strong></span> <span class='ocrx_word' id='word_1_260' title='bbox 1028 3645 1149 3710; x_wconf 90' lang='lat' dir='ltr'><strong>caution,</strong></span> <span class='ocrx_word' id='word_1_261' title='bbox 1169 3647 1303 3714; x_wconf 86' lang='lat' dir='ltr'><strong>remarks,</strong></span> <span class='ocrx_word' id='word_1_262' title='bbox 1316 3655 1345 3699; x_wconf 91' lang='lat' dir='ltr'><strong>at</strong></span> <span class='ocrx_word' id='word_1_263' title='bbox 1362 3645 1409 3699; x_wconf 89' lang='lat' dir='ltr'><strong>the</strong></span> <span class='ocrx_word' id='word_1_264' title='bbox 1425 3646 1499 3700; x_wconf 91' lang='lat' dir='ltr'><strong>close</strong></span> 
     </span>
     <span class='ocr_line' id='line_1_33' title="bbox 397 3724 1512 3798; baseline 0.004 -20"><span class='ocrx_word' id='word_1_265' title='bbox 397 3725 444 3779; x_wconf 89' lang='lat' dir='ltr'><strong>the</strong></span> <span class='ocrx_word' id='word_1_266' title='bbox 457 3734 574 3778; x_wconf 89' lang='lat' dir='ltr'><strong>account</strong></span> <span class='ocrx_word' id='word_1_267' title='bbox 587 3725 623 3779; x_wconf 91' lang='lat' dir='ltr'><strong>he</strong></span> <span class='ocrx_word' id='word_1_268' title='bbox 640 3724 717 3793; x_wconf 83' lang='lat' dir='ltr'><strong>gives</strong></span> <span class='ocrx_word' id='word_1_269' title='bbox 735 3725 763 3779; x_wconf 91' lang='lat' dir='ltr'><strong>ol</strong></span> <span class='ocrx_word' id='word_1_270' title='bbox 779 3725 818 3781; x_wconf 89' lang='lat' dir='ltr'><strong>it:</strong></span> <span class='ocrx_word' id='word_1_271' title='bbox 839 3725 920 3782; x_wconf 89' lang='lat' dir='ltr'><strong>“Sed</strong></span> <span class='ocrx_word' id='word_1_272' title='bbox 939 3738 1086 3798; x_wconf 90' lang='lat' dir='ltr'><strong>postquam</strong></span> <span class='ocrx_word' id='word_1_273' title='bbox 1103 3729 1157 3782; x_wconf 93' lang='lat' dir='ltr'><strong>hoc</strong></span> <span class='ocrx_word' id='word_1_274' title='bbox 1173 3737 1214 3783; x_wconf 88' lang='lat' dir='ltr'><strong>tot</strong></span> <span class='ocrx_word' id='word_1_275' title='bbox 1233 3727 1381 3798; x_wconf 87' lang='lat' dir='ltr'><strong>scriptores</strong></span> <span class='ocrx_word' id='word_1_276' title='bbox 1398 3727 1512 3782; x_wconf 78' lang='lat' dir='ltr'><strong>affirmat</strong></span> 
     </span>
     <span class='ocr_line' id='line_1_34' title="bbox 396 3806 1512 3881; baseline 0.003 -20"><span class='ocrx_word' id='word_1_277' title='bbox 396 3807 453 3862; x_wconf 81' lang='lat' dir='ltr'><strong>fien‘</strong></span> <span class='ocrx_word' id='word_1_278' title='bbox 467 3817 559 3878; x_wconf 86' lang='lat' dir='ltr'><strong>potest</strong></span> <span class='ocrx_word' id='word_1_279' title='bbox 573 3817 602 3862; x_wconf 91' lang='lat' dir='ltr'><strong>ut</strong></span> <span class='ocrx_word' id='word_1_280' title='bbox 615 3808 670 3862; x_wconf 87' lang='lat' dir='ltr'><strong>tale</strong></span> <span class='ocrx_word' id='word_1_281' title='bbox 682 3806 786 3878; x_wconf 87' lang='lat' dir='ltr'><strong>aliquid</strong></span> <span class='ocrx_word' id='word_1_282' title='bbox 799 3809 951 3878; x_wconf 84' lang='lat' dir='ltr'><strong>contingat,</strong></span> <span class='ocrx_word' id='word_1_283' title='bbox 965 3810 1014 3864; x_wconf 91' lang='lat' dir='ltr'><strong>sed</strong></span> <span class='ocrx_word' id='word_1_284' title='bbox 1026 3811 1126 3866; x_wconf 89' lang='lat' dir='ltr'><strong>modus</strong></span> <span class='ocrx_word' id='word_1_285' title='bbox 1137 3811 1263 3866; x_wconf 87' lang='lat' dir='ltr'><strong>nondum</strong></span> <span class='ocrx_word' id='word_1_286' title='bbox 1273 3819 1434 3881; x_wconf 87' lang='lat' dir='ltr'><strong>perspectus</strong></span> <span class='ocrx_word' id='word_1_287' title='bbox 1442 3812 1512 3866; x_wconf 86' lang='lat' dir='ltr'><strong>est.’¹·</strong></span> 
     </span>
     <span class='ocr_line' id='line_1_35' title="bbox 395 3890 1512 3962; baseline 0.003 -17"><span class='ocrx_word' id='word_1_288' title='bbox 395 3893 440 3946; x_wconf 90' lang='lat' dir='ltr'><strong>De</strong></span> <span class='ocrx_word' id='word_1_289' title='bbox 452 3908 546 3945; x_wconf 89' lang='lat' dir='ltr'><strong>rerum</strong></span> <span class='ocrx_word' id='word_1_290' title='bbox 558 3890 655 3946; x_wconf 87' lang='lat' dir='ltr'><strong>variet.</strong></span> <span class='ocrx_word' id='word_1_291' title='bbox 667 3891 702 3945; x_wconf 92' lang='lat' dir='ltr'><strong>vi.</strong></span> <span class='ocrx_word' id='word_1_292' title='bbox 717 3909 739 3946; x_wconf 91' lang='lat' dir='ltr'><strong>c.</strong></span> <span class='ocrx_word' id='word_1_293' title='bbox 754 3891 805 3944; x_wconf 67' lang='lat'><strong>223</strong></span> <span class='ocrx_word' id='word_1_294' title='bbox 845 3893 900 3945; x_wconf 92' lang='lat' dir='ltr'><strong>Mr.</strong></span> <span class='ocrx_word' id='word_1_295' title='bbox 914 3892 990 3947; x_wconf 85' lang='lat' dir='ltr'><strong>Ellis’</strong></span> <span class='ocrx_word' id='word_1_296' title='bbox 1002 3903 1076 3950; x_wconf 90' lang='lat' dir='ltr'><strong>note.</strong></span> <span class='ocrx_word' id='word_1_297' title='bbox 1116 3895 1170 3948; x_wconf 90' lang='lat' dir='ltr'><strong>Mr.</strong></span> <span class='ocrx_word' id='word_1_298' title='bbox 1188 3893 1258 3948; x_wconf 86' lang='lat' dir='ltr'><strong>Ellis</strong></span> <span class='ocrx_word' id='word_1_299' title='bbox 1275 3895 1408 3962; x_wconf 87' lang='lat' dir='ltr'><strong>proceeds</strong></span> <span class='ocrx_word' id='word_1_300' title='bbox 1426 3903 1454 3948; x_wconf 90' lang='lat' dir='ltr'><strong>to</strong></span> <span class='ocrx_word' id='word_1_301' title='bbox 1471 3893 1512 3948; x_wconf 89' lang='lat' dir='ltr'><strong>rel</strong></span> 
     </span>
     <span class='ocr_line' id='line_1_36' title="bbox 395 3973 1511 4046; baseline 0.002 -18"><span class='ocrx_word' id='word_1_302' title='bbox 395 3985 425 4028; x_wconf 94' lang='lat' dir='ltr'><strong>to</strong></span> <span class='ocrx_word' id='word_1_303' title='bbox 438 3973 581 4028; x_wconf 88' lang='lat' dir='ltr'><strong>Ramusio.</strong></span> <span class='ocrx_word' id='word_1_304' title='bbox 620 3974 675 4029; x_wconf 90' lang='lat' dir='ltr'><strong>His</strong></span> <span class='ocrx_word' id='word_1_305' title='bbox 688 3974 836 4041; x_wconf 79' lang='lat' dir='ltr'><strong>reference,</strong></span> <span class='ocrx_word' id='word_1_306' title='bbox 850 3974 986 4042; x_wconf 80' lang='lat' dir='ltr'><strong>however,</strong></span> <span class='ocrx_word' id='word_1_307' title='bbox 1001 3975 1024 4030; x_wconf 90' lang='lat' dir='ltr'><strong>is</strong></span> <span class='ocrx_word' id='word_1_308' title='bbox 1036 3976 1192 4046; x_wconf 82' lang='lat' dir='ltr'><strong>altogether</strong></span> <span class='ocrx_word' id='word_1_309' title='bbox 1204 3975 1379 4046; x_wconf 85' lang='lat' dir='ltr'><strong>misleading.</strong></span> <span class='ocrx_word' id='word_1_310' title='bbox 1409 3977 1470 4031; x_wconf 92' lang='lat' dir='ltr'><strong>The</strong></span> <span class='ocrx_word' id='word_1_311' title='bbox 1482 3989 1511 4031; x_wconf 89' lang='lat' dir='ltr'><strong>tn</strong></span> 
     </span>
     <span class='ocr_line' id='line_1_37' title="bbox 397 4056 1495 4126; baseline 0.002 -14"><span class='ocrx_word' id='word_1_312' title='bbox 397 4075 450 4112; x_wconf 94' lang='lat' dir='ltr'><strong>one</strong></span> <span class='ocrx_word' id='word_1_313' title='bbox 471 4057 494 4110; x_wconf 87' lang='lat' dir='ltr'><strong>is</strong></span> <span class='ocrx_word' id='word_1_314' title='bbox 512 4067 542 4111; x_wconf 93' lang='lat' dir='ltr'><strong>to</strong></span> <span class='ocrx_word' id='word_1_315' title='bbox 561 4056 660 4112; x_wconf 88' lang='lat' dir='ltr'><strong>‘Della</strong></span> <span class='ocrx_word' id='word_1_316' title='bbox 680 4057 806 4112; x_wconf 86' lang='lat' dir='ltr'><strong>Historia</strong></span> <span class='ocrx_word' id='word_1_317' title='bbox 826 4059 907 4114; x_wconf 89' lang='lat' dir='ltr'><strong>Delle</strong></span> <span class='ocrx_word' id='word_1_318' title='bbox 927 4059 1015 4126; x_wconf 88' lang='lat' dir='ltr'><strong>Indie,</strong></span> <span class='ocrx_word' id='word_1_319' title='bbox 1033 4059 1104 4114; x_wconf 91' lang='lat' dir='ltr'><strong>libro</strong></span> <span class='ocrx_word' id='word_1_320' title='bbox 1124 4058 1159 4125; x_wconf 92' lang='lat' dir='ltr'><strong>ii,&#39;</strong></span> <span class='ocrx_word' id='word_1_321' title='bbox 1179 4059 1207 4115; x_wconf 91' lang='lat' dir='ltr'><strong>in</strong></span> <span class='ocrx_word' id='word_1_322' title='bbox 1227 4059 1370 4126; x_wconf 79' lang='lat' dir='ltr'><strong>Ramnsio,</strong></span> <span class='ocrx_word' id='word_1_323' title='bbox 1388 4062 1440 4115; x_wconf 81' lang='lat' dir='ltr'><strong>vol</strong></span> <span class='ocrx_word' id='word_1_324' title='bbox 1460 4059 1495 4114; x_wconf 87' lang='lat' dir='ltr'><strong>iii.</strong></span> 
     </span>
     <span class='ocr_line' id='line_1_38' title="bbox 397 4140 476 4194; baseline 0.013 -1"><span class='ocrx_word' id='word_1_325' title='bbox 397 4140 431 4193; x_wconf 88' lang='lat'><strong>86</strong></span> <span class='ocrx_word' id='word_1_326' title='bbox 444 4141 476 4194; x_wconf 88' lang='lat' dir='ltr'><strong>A.</strong></span> 
     </span>
    </p>

    <p class='ocr_par' dir='ltr' id='par_1_7' title="bbox 395 4222 1510 4544">
     <span class='ocr_line' id='line_1_39' title="bbox 434 4222 1510 4296; baseline 0.004 -20"><span class='ocrx_word' id='word_1_327' title='bbox 434 4222 551 4276; x_wconf 86' lang='lat' dir='ltr'><strong>Bacon&#39;s</strong></span> <span class='ocrx_word' id='word_1_328' title='bbox 565 4233 682 4276; x_wconf 89' lang='lat' dir='ltr'><strong>account</strong></span> <span class='ocrx_word' id='word_1_329' title='bbox 700 4223 732 4277; x_wconf 84' lang='lat' dir='ltr'><strong>os</strong></span> <span class='ocrx_word' id='word_1_330' title='bbox 746 4223 802 4278; x_wconf 91' lang='lat' dir='ltr'><strong>this</strong></span> <span class='ocrx_word' id='word_1_331' title='bbox 819 4233 876 4279; x_wconf 90' lang='lat' dir='ltr'><strong>tree</strong></span> <span class='ocrx_word' id='word_1_332' title='bbox 894 4224 918 4281; x_wconf 87' lang='lat' dir='ltr'><strong>is</strong></span> <span class='ocrx_word' id='word_1_333' title='bbox 934 4226 1110 4295; x_wconf 83' lang='lat' dir='ltr'><strong>remarkahly</strong></span> <span class='ocrx_word' id='word_1_334' title='bbox 1123 4227 1242 4294; x_wconf 89' lang='lat' dir='ltr'><strong>modest,</strong></span> <span class='ocrx_word' id='word_1_335' title='bbox 1260 4243 1292 4282; x_wconf 84' lang='lat' dir='ltr'><strong>as</strong></span> <span class='ocrx_word' id='word_1_336' title='bbox 1310 4227 1459 4296; x_wconf 89' lang='lat' dir='ltr'><strong>compared</strong></span> <span class='ocrx_word' id='word_1_337' title='bbox 1476 4227 1510 4280; x_wconf 86' lang='lat' dir='ltr'><strong>wi</strong></span> 
     </span>
     <span class='ocr_line' id='line_1_40' title="bbox 396 4303 1510 4380; baseline 0.004 -22"><span class='ocrx_word' id='word_1_338' title='bbox 396 4307 457 4358; x_wconf 90' lang='lat' dir='ltr'><strong>that</strong></span> <span class='ocrx_word' id='word_1_339' title='bbox 469 4303 559 4359; x_wconf 91' lang='lat' dir='ltr'><strong>which</strong></span> <span class='ocrx_word' id='word_1_340' title='bbox 573 4305 686 4359; x_wconf 89' lang='lat' dir='ltr'><strong>Cardan</strong></span> <span class='ocrx_word' id='word_1_341' title='bbox 698 4316 814 4376; x_wconf 73' lang='lat' dir='ltr'><strong>reporta</strong></span> <span class='ocrx_word' id='word_1_342' title='bbox 841 4310 886 4363; x_wconf 89' lang='lat' dir='ltr'><strong>He</strong></span> <span class='ocrx_word' id='word_1_343' title='bbox 897 4325 961 4380; x_wconf 89' lang='lat' dir='ltr'><strong>says</strong></span> <span class='ocrx_word' id='word_1_344' title='bbox 973 4327 979 4364; x_wconf 92' lang='lat'>:</span> <span class='ocrx_word' id='word_1_345' title='bbox 999 4309 1097 4364; x_wconf 87' lang='lat' dir='ltr'><strong>‘Circa</strong></span> <span class='ocrx_word' id='word_1_346' title='bbox 1107 4309 1236 4364; x_wconf 91' lang='lat' dir='ltr'><strong>arborem</strong></span> <span class='ocrx_word' id='word_1_347' title='bbox 1246 4309 1355 4380; x_wconf 84' lang='lat' dir='ltr'><strong>singulo</strong></span> <span class='ocrx_word' id='word_1_348' title='bbox 1365 4327 1445 4364; x_wconf 89' lang='lat' dir='ltr'><strong>mane</strong></span> <span class='ocrx_word' id='word_1_349' title='bbox 1455 4311 1510 4364; x_wconf 92' lang='lat' dir='ltr'><strong>den</strong></span> 
     </span>
     <span class='ocr_line' id='line_1_41' title="bbox 395 4387 1510 4464; baseline 0.007 -24"><span class='ocrx_word' id='word_1_350' title='bbox 395 4388 498 4442; x_wconf 89' lang='lat' dir='ltr'><strong>nebula</strong></span> <span class='ocrx_word' id='word_1_351' title='bbox 511 4387 654 4456; x_wconf 83' lang='lat' dir='ltr'><strong>colligitur,</strong></span> <span class='ocrx_word' id='word_1_352' title='bbox 668 4406 740 4458; x_wconf 91' lang='lat' dir='ltr'><strong>quae</strong></span> <span class='ocrx_word' id='word_1_353' title='bbox 757 4389 786 4443; x_wconf 93' lang='lat' dir='ltr'><strong>in</strong></span> <span class='ocrx_word' id='word_1_354' title='bbox 803 4407 906 4460; x_wconf 88' lang='lat' dir='ltr'><strong>aquam</strong></span> <span class='ocrx_word' id='word_1_355' title='bbox 924 4409 1004 4447; x_wconf 89' lang='lat' dir='ltr'><strong>versa</strong></span> <span class='ocrx_word' id='word_1_356' title='bbox 1020 4409 1076 4447; x_wconf 92' lang='lat' dir='ltr'><strong>non</strong></span> <span class='ocrx_word' id='word_1_357' title='bbox 1096 4394 1186 4448; x_wconf 89' lang='lat' dir='ltr'><strong>solum</strong></span> <span class='ocrx_word' id='word_1_358' title='bbox 1204 4393 1372 4461; x_wconf 88' lang='lat' dir='ltr'><strong>hominibus,</strong></span> <span class='ocrx_word' id='word_1_359' title='bbox 1390 4392 1481 4448; x_wconf 87' lang='lat' dir='ltr'><strong>sedet</strong></span> <span class='ocrx_word' id='word_1_360' title='bbox 1495 4393 1510 4464; x_wconf 69' lang='lat' dir='ltr'><strong>jr</strong></span> 
     </span>
     <span class='ocr_line' id='line_1_42' title="bbox 396 4473 861 4544; baseline 0.009 -16"><span class='ocrx_word' id='word_1_361' title='bbox 396 4473 497 4529; x_wconf 89' lang='lat' dir='ltr'><strong>mentis</strong></span> <span class='ocrx_word' id='word_1_362' title='bbox 509 4483 537 4529; x_wconf 89' lang='lat' dir='ltr'><strong>et</strong></span> <span class='ocrx_word' id='word_1_363' title='bbox 551 4473 697 4544; x_wconf 90' lang='lat' dir='ltr'><strong>pecoribus</strong></span> <span class='ocrx_word' id='word_1_364' title='bbox 710 4475 861 4532; x_wconf 64' lang='lat' dir='ltr'><strong>satisfacit!</strong></span> 
     </span>
    </p>
   </div>
   <div class='ocr_carea' id='block_1_5' title="bbox 0 0 1630 5138">
    <p class='ocr_par' dir='ltr' id='par_1_8' title="bbox 0 0 1630 5138">
     <span class='ocr_line' id='line_1_43' title="bbox 0 0 1630 5138; baseline 0 1"><span class='ocrx_word' id='word_1_365' title='bbox 0 0 1630 5138; x_wconf 95' lang='lat' dir='ltr'><strong> </strong></span> 
     </span>
    </p>
   </div>
  </div>
 </body>
</html>
