3280 5238
666 407 744 467 ΗΒ.
767 408 809 464 ΙΙ.
833 419 885 480 40.
964 443 968 450 ψ
1285 416 1345 484 501

199 591 323 650 verum,
341 591 382 635 ex
400 571 520 653 quanto
541 571 596 635 illo
617 574 776 636 materiae
796 573 854 636 rub
874 571 988 636 iisdem
1005 573 1122 654 spatiis
1140 575 1208 637 sive
1225 573 1350 637 dimen-

198 677 350 752 sionibus,
361 687 424 758 pro
446 675 639 740 diversitate
659 687 834 758 corporum,
851 676 929 759 plus
954 686 987 740 et
1005 678 1115 742 rrrr'nur
1135 677 1295 741 contineri
1302 677 1329 714 ⁵⁹
1338 699 1350 739 .·

201 789 238 844 ut
253 781 285 844 in
300 801 387 863 aqua
403 780 486 865 plus,
502 781 534 843 in
551 788 626 844 aere
641 782 769 859 minus;
792 783 877 845 adeo
893 791 928 843 ut
944 782 972 844 si
988 782 1061 863 quis
1076 790 1201 845 asserat
1216 781 1350 864 aliquod

199 894 392 949 contentum
408 905 516 967 aquae
531 886 564 948 in
580 906 641 968 par
655 896 847 951 contentum
867 885 951 950 aeris
971 886 1054 948 verti
1075 905 1181 966 posse,
1198 884 1285 949 idem
1307 886 1351 948 sit

200 1009 238 1052 ac
262 989 290 1052 si
313 991 404 1053 dicat
427 989 553 1071 aliquid
577 1009 674 1072 posse
699 991 801 1073 redigi
822 990 855 1053 in
880 989 1040 1067 nihilum3
1073 999 1197 1068 contra,
1223 989 1251 1052 si
1276 990 1351 1070 quis

199 1103 324 1157 asserat
340 1091 475 1176 aliquod
490 1103 682 1158 contentum
699 1095 782 1156 a'eris
797 1093 829 1156 in
850 1113 911 1174 par
928 1103 1120 1158 contentum
1142 1113 1249 1175 aquae
1268 1094 1351 1156 verti

200 1217 306 1279 posse,
322 1197 410 1262 idern
426 1198 469 1261 sit
490 1199 575 1261 acsi
597 1198 686 1261 dicat
705 1198 832 1279 aliquid
854 1217 951 1280 posse
973 1196 1042 1260 fieri
1064 1218 1107 1260 ex
1128 1197 1240 1261 nihilo.
1284 1197 1351 1261 At-

200 1321 266 1383 que
281 1322 324 1364 ex
340 1302 437 1384 copia
453 1303 517 1366 ista
531 1311 564 1364 et
580 1302 747 1384 paucitate
764 1302 920 1365 materiae
942 1303 1093 1365 notiones
1113 1301 1188 1364 illae
1206 1301 1299 1364 densi
1317 1311 1352 1365 et

199 1407 282 1481 rari,
313 1425 398 1488 quae
428 1405 517 1468 varie
550 1416 584 1469 et
613 1405 800 1487 promiscue
829 1405 1041 1488 accipiuntur,
1069 1404 1198 1488 proprie
1223 1406 1351 1469 abstra-

200 1508 330 1573 huntur.
375 1508 590 1573 Assumenda
620 1519 670 1573 est
700 1518 734 1573 et
761 1511 898 1573 assertio
927 1508 981 1574 illa
1011 1510 1118 1582 tertia,
1145 1509 1244 1572 etiam
1271 1509 1351 1572 satis

200 1623 306 1676 certa:
330 1613 420 1694 quod
441 1612 505 1677 hoc
525 1614 568 1676 de
588 1632 656 1694 quo
678 1611 844 1695 loquimur
862 1613 937 1697 plus
957 1622 990 1676 et
1011 1613 1119 1676 minus
1140 1611 1296 1676 materiae
1317 1612 1351 1675 in

200 1737 336 1797 corpore
357 1717 421 1780 hoc
442 1715 495 1780 vel
514 1715 570 1779 illo
592 1717 636 1779 ad
655 1715 800 1782 calculos
823 1718 922 1796 (facta
945 1713 1133 1800 collatione)
1156 1725 1191 1779 et
1213 1735 1350 1799 propor-

199 1821 306 1883 tiones
321 1829 456 1884 exactas
471 1829 529 1883 aut
544 1820 672 1884 exactis
687 1821 889 1904 propinquas
912 1821 1021 1884 reduci
1043 1819 1147 1901 possit
1157 1818 1194 1882 ⁰⁰.
1237 1818 1350 1883 Veluti

199 1923 227 1986 si
243 1924 317 2006 quis
332 1923 420 1988 dieat
432 1925 538 1987 inesse
550 1925 583 1987 in
598 1925 678 1988 dato
694 1934 851 1988 contento
866 1925 936 1988 auri
952 1922 1054 1988 talem
1067 1923 1349 1988 coacervationem

200 2029 365 2104 materiae,
395 2037 431 2090 ut
461 2048 545 2110 opus
574 2028 696 2092 habeat
732 2028 865 2111 spiritus
899 2029 975 2106 vini,
1009 2029 1052 2091 ad
1087 2029 1154 2092 tale
1189 2037 1349 2110 quantum

200 2131 357 2194 materiae
386 2132 606 2213 aequandum,
636 2132 744 2215 spatio
772 2133 872 2197 vicies
901 2142 935 2195 et
964 2132 1066 2196 semel
1097 2131 1220 2214 majore
1250 2151 1349 2212 quam

201 2232 317 2317 implet
331 2253 457 2312 aurum,
473 2255 537 2298 non
555 2237 710 2299 erraverit
723 2233 759 2300 ⁶¹.

872 2473 971 2544 ‘Gigni

288 2559 335 2614 De
352 2557 441 2613 nihilo
458 2557 585 2627 nihilum,
606 2557 632 2612 in
651 2557 770 2614 nihilum
790 2559 828 2614 nil
848 2576 932 2630 posse
949 2557 1067 2614 reverti!

942 2643 1061 2709 Persius,
1075 2643 1133 2697 Sat.
1151 2641 1188 2696 iii.
1201 2643 1279 2711 83—4.

235 2724 378 2796 οὐδὲνγὰρ
396 2724 425 2779 r’rr
443 2728 490 2778 τοῦ
507 2724 614 2794 μηδενὸς
631 2726 744 2796 ἔρχεται,
762 2727 852 2792 ὥσπερ
869 2723 928 2794 μηδ’
947 2725 983 2780 rls
999 2729 1029 2780 τὸ
1048 2725 1094 2778 οὐκ
1112 2724 1140 2778 ὃν
1158 2723 1306 2796 ἀπέρχεται.

932 2811 1046 2864 Marcus
1060 2808 1227 2874 Antoninus,
1240 2808 1275 2863 iv.
1289 2825 1314 2875 4.

234 2891 370 2958 Telesius,
384 2893 429 2946 De
442 2893 547 2947 Rerum
561 2893 679 2959 Natura,
690 2891 707 2946 i.
719 2904 732 2961 5
748 2891 879 2957 (referred
892 2901 921 2948 to
934 2894 971 2962 by
986 2893 1041 2947 Mr.
1056 2891 1137 2959 Ellis)
1152 2909 1236 2960 says:
1259 2892 1350 2946 ‘Nihil

198 2985 293 3030 tamen
305 2976 380 3045 ejus’
393 2976 443 3042 (sc.
455 2975 601 3042 materiae)
615 2976 726 3042 ‘moles
740 2977 834 3046 itaque
852 2993 905 3030 nec
924 2975 1021 3031 mundi
1040 2973 1205 3044 magnitudo
1224 2971 1349 3028 imminui

199 3058 329 3127 augerive
341 3069 457 3128 apparet
469 3057 609 3129 unquam!

234 3139 257 3172 ⁶⁹
275 3143 347 3196 Both
366 3160 403 3196 on
422 3142 479 3196 this
497 3140 555 3196 and
573 3142 621 3196 the
639 3143 692 3196 last
712 3141 893 3212 proposition,
912 3159 954 3211 cp.
972 3139 1099 3196 Historia
1118 3141 1208 3195 Densi
1227 3151 1254 3196 et
1274 3141 1351 3206 Rari,

199 3224 301 3280 Aditus
315 3226 360 3294 (E.
373 3226 430 3279 and
446 3227 484 3291 S,
497 3225 551 3279 vol.
564 3223 591 3278 ii.
605 3242 652 3295 pp.
665 3225 772 3293 243-4).
810 3226 871 3280 The
890 3224 994 3279 maxim
1008 3225 1069 3279 ‘Ex
1087 3225 1175 3278 nihilo
1194 3224 1263 3278 nihil
1283 3225 1350 3290 fieri,

199 3325 290 3378 neque
303 3308 451 3379 quiequam
466 3308 493 3363 in
506 3308 624 3363 nihilum
637 3307 723 3377 redigi
734 3309 740 3334 ’
753 3308 777 3363 is
793 3308 870 3363 there
889 3309 982 3362 stated
1002 3308 1155 3362 somewhat
1174 3307 1331 3377 differently
1344 3327 1350 3362 :

198 3393 242 3445 ‘N
246 3408 283 3445 on
296 3391 400 3447 seilicet
415 3391 472 3446 fieri
487 3392 514 3446 in
527 3391 620 3462 aliqua
633 3391 868 3446 transmutatione
880 3408 1028 3461 corporum
1042 3391 1261 3446 transactionem
1273 3401 1321 3446 aut
1334 3411 1352 3446 a

198 3475 295 3543 nihilo,
308 3485 356 3529 aut
368 3476 406 3529 ad
418 3475 536 3530 nihilum
548 3493 555 3542 3
575 3475 625 3530 sed
637 3491 722 3544 opera
738 3491 801 3529 esse
819 3474 945 3545 ejusdem
964 3473 1193 3545 omnipotentiae,
1206 3491 1301 3530 creare
1317 3492 1352 3528 ex

199 3558 294 3626 nihilo,
308 3568 336 3613 et
349 3557 475 3628 redigere
488 3558 517 3612 in
530 3557 664 3624 nihilum;
689 3576 818 3613 excursu
837 3568 952 3613 naturae
964 3575 1030 3612 vero
1048 3559 1102 3612 hoc
1120 3573 1265 3628 nunquam
1284 3557 1351 3612 fieri.

201 3645 300 3716 ltaque
313 3662 423 3700 summa
436 3645 570 3701 materiae
582 3646 675 3701 totalis
689 3663 799 3716 semper
811 3656 941 3713 constat3
961 3645 1001 3700 nil
1012 3645 1134 3711 additur,
1147 3645 1185 3700 nil
1202 3645 1355 3700 minuitur.'

201 3731 225 3784 lt
235 3729 289 3782 will
299 3729 334 3784 be
344 3729 456 3784 noticed
466 3729 525 3784 that
536 3730 592 3785 this
603 3739 752 3784 statement
762 3730 867 3799 guards
875 3730 924 3784 the
932 3729 1035 3784 maxim
1043 3729 1114 3782 from
1122 3746 1178 3799 any
1185 3728 1352 3798 theological

198 3811 347 3882 objection.

234 3898 281 3951 On
299 3896 347 3950 the
366 3895 484 3950 relation
502 3896 534 3950 of
555 3896 674 3951 Bacon's
693 3895 818 3950 doctrine
837 3895 869 3949 oi
889 3894 1000 3964 density
1017 3895 1074 3950 and
1093 3895 1179 3963 rarity
1196 3903 1225 3948 to
1244 3895 1305 3949 that
1323 3895 1355 3948 oi

198 3979 332 4034 Aristotle
345 3978 402 4033 and
415 3979 462 4034 the
474 3978 665 4050 Peripatetics,
675 3995 722 4033 see
738 3980 792 4034 Mr.
802 3977 880 4033 Ellis’
890 3978 1004 4034 Preface
1017 3989 1046 4034 to
1059 3978 1108 4032 the
1122 3977 1248 4032 Historia
1262 3979 1351 4033 Densi

197 4072 226 4120 et
240 4061 315 4130 Rari,
328 4080 375 4133 pp.
389 4075 486 4130 234-7.

233 4144 257 4176 ⁸⁰
276 4147 322 4201 He
335 4147 432 4200 makes
446 4163 482 4199 an
495 4155 613 4215 attempt
627 4157 656 4200 to
669 4143 751 4202 effect
763 4145 820 4200 this
832 4144 1000 4200 calculation
1013 4145 1040 4199 in
1053 4144 1101 4199 the
1114 4144 1202 4198 Table
1220 4143 1303 4214 given
1322 4144 1349 4200 in

198 4230 246 4284 the
260 4229 387 4284 Historia
400 4229 490 4283 Densi
503 4241 531 4284 et
543 4227 611 4283 Rari
626 4229 672 4297 (E.
686 4229 741 4284 and
754 4230 793 4294 S.‚
806 4230 859 4284 vol
873 4227 900 4284 ii.
914 4245 961 4298 pp.
974 4227 1082 4297 245-6).

233 4311 253 4342 ‘¹
276 4313 309 4366 ln
322 4314 370 4368 the
384 4311 510 4368 Historia
524 4312 614 4368 Densi
628 4322 657 4367 et
670 4313 737 4366 Rari
750 4314 796 4380 (E.
811 4313 868 4366 and
882 4315 921 4377 S,
931 4311 984 4366 vol.
994 4311 1022 4366 ii.
1036 4328 1082 4382 pp.
1092 4309 1191 4380 245—6)
1205 4311 1241 4365 he
1253 4311 1351 4365 makes

198 4397 246 4451 the
259 4396 330 4450 ratio
342 4413 374 4450 as
387 4411 422 4450 20
435 4396 508 4450 Den.
520 4411 540 4448 o
552 4397 601 4452 Gr.
617 4415 624 4451 :
638 4411 656 4449 o
669 4397 744 4451 Den.
757 4410 791 4449 22
806 4397 855 4451 Gr.
892 4397 952 4450 The
966 4406 1026 4450 true
1039 4395 1111 4449 ratio
1123 4394 1155 4448 ol
1169 4395 1217 4449 the
1231 4393 1350 4464 Specific

198 4479 317 4548 Gravity
329 4479 361 4534 oi
377 4478 514 4550 Stamped
533 4479 607 4534 Gold
626 4489 656 4535 to
671 4479 806 4534 Absolute
819 4479 936 4533 Alcohol
956 4478 979 4532 is
1000 4479 1094 4546 19.362
1108 4495 1115 4532 :
1128 4479 1207 4545 o.8o3
1220 4495 1253 4532 or
1264 4477 1350 4534 about

198 4576 258 4631 242
273 4580 280 4619 ε
297 4577 320 4632 t,
333 4562 414 4618 while
426 4563 486 4617 that
499 4561 531 4617 ol
542 4563 610 4618 Cast
624 4562 698 4618 Gold
712 4562 735 4618 is
752 4563 845 4632 19058
862 4563 960 4630 :o.803
974 4578 1006 4616 or
1017 4561 1103 4616 about
1116 4574 1193 4629 ²407
1211 4579 1216 4616 :
1233 4574 1255 4615 1.
