3358 5152
687 388 768 444 rra
791 389 817 444 r.
843 399 914 463 129.
1315 399 1376 468 337

229 551 511 634 navigationibus:
538 554 626 617 unde
650 552 838 618 innumerae
860 574 968 618 rerum
993 555 1193 619 mutationes
1218 564 1378 637 sequutae

228 665 322 730 sunt;
346 668 463 720 utnon
480 657 652 740 imperium
669 657 812 740 aliquod,
829 678 892 721 non
908 667 1008 734 secta,
1019 679 1084 722 non
1099 658 1205 734 stella,
1219 658 1377 741 majorem

229 759 408 824 efficaciam
435 771 468 825 et
493 761 587 843 quasi
614 761 776 825 influxum
803 783 901 845 super
927 782 978 825 res
1003 760 1165 826 humanas
1192 763 1378 826 exercuisse

228 864 385 939 videatur,
405 885 504 946 quam
522 866 583 929 ista
599 866 789 929 mechanica
803 875 1031 930 exercuerunt.

273 967 446 1032 Praeterea
460 989 525 1032 non
540 970 600 1033 abs
616 990 650 1032 re
665 968 772 1046 fuerit,
788 971 850 1034 tria
865 969 1035 1034 hominum
1054 970 1242 1034 ambitionis
1259 991 1378 1054 genera

229 1081 263 1136 et
289 1071 384 1154 quasi
408 1074 531 1154 gradus
557 1073 767 1157 distinguere.
813 1073 956 1137 Primum
981 1093 1104 1152 eorum,
1128 1075 1183 1156 qui
1210 1075 1377 1158 propriam

229 1177 412 1260 potentiam
446 1177 478 1240 in
512 1178 619 1260 patria
649 1198 709 1241 sua
738 1177 939 1261 amplificare
969 1179 1123 1262 cupiunt;
1158 1179 1248 1260 quod
1275 1199 1379 1260 genus

228 1280 363 1362 vulgare
388 1289 497 1344 estet
523 1284 676 1364 degener.
722 1280 911 1346 Secundum
937 1302 1061 1359 eorum,
1085 1283 1142 1364 qui
1169 1283 1294 1365 patriae
1320 1303 1379 1365 po·

229 1383 366 1448 tentiam
383 1395 418 1448 et
434 1384 607 1468 imperium
623 1384 708 1448 inter
726 1384 907 1449 humanum
925 1405 1029 1468 genus
1048 1383 1249 1468 amplificare
1269 1385 1378 1448 nitun-

229 1498 301 1564 tur;
326 1485 407 1550 illud
424 1487 499 1571 plus
518 1499 606 1553 certe
622 1487 724 1553 habet
744 1489 926 1571 dignitatis,
943 1489 1132 1572 cupiditatis
1150 1487 1240 1552 haud
1261 1491 1378 1552 minus.

230 1590 330 1675 Quod
347 1591 373 1654 si
389 1592 462 1674 quis
478 1591 612 1656 humani
632 1593 761 1676 generis
777 1593 879 1676 ipsius
896 1591 1079 1675 potentiam
1096 1603 1130 1655 et
1150 1593 1324 1677 imperium
1345 1593 1379 1656 in

229 1715 337 1760 rerum
375 1696 620 1760 universitatem
655 1697 837 1761 instaurare
872 1704 905 1759 et
937 1695 1136 1779 amplificare
1166 1707 1311 1774 conetur,
1340 1717 1380 1761 ea

230 1798 449 1883 proculdubio
474 1800 613 1864 ambitio
643 1797 685 1884 (si
713 1801 811 1864 modo
842 1800 888 1862 ita
917 1800 1068 1863 vocanda
1097 1797 1153 1884 sit)
1183 1799 1316 1884 reliquis
1346 1810 1380 1864 et

230 1903 340 1968 sanior
361 1914 411 1967 est
432 1913 465 1968 et
486 1903 666 1987 augustior.
708 1903 865 1968 Hominis
885 1913 997 1966 autem
1018 1903 1191 1986 imperium
1211 1903 1244 1966 in
1266 1925 1327 1979 res,
1346 1904 1379 1966 in

230 2006 309 2072 solis
323 2008 450 2072 artibus
464 2016 498 2070 et
513 2007 656 2072 scientiis
671 2009 811 2090 ponitur.
842 2007 991 2071 Naturae
1005 2007 1093 2072 enim
1109 2026 1174 2071 non
1191 2008 1379 2091 imperatur,

230 2112 292 2175 nisi
308 2112 455 2195 parendo
464 2109 501 2173 ⁷⁴.

275 2214 459 2292 Praeterea,
483 2215 511 2278 si
534 2214 629 2280 unius
652 2213 790 2297 alicujus
812 2214 1016 2299 particularis
1039 2214 1163 2280 inventi
1187 2215 1311 2279 utilitas
1334 2215 1381 2280 ita

229 2320 381 2383 homines
410 2318 564 2397 affecerit,
591 2328 628 2383 ut
658 2339 732 2382 eum
763 2319 819 2401 qui
848 2338 953 2402 genus
983 2318 1163 2382 humanum
1194 2319 1380 2383 universum

230 2423 389 2488 beneficio
404 2421 516 2505 aliquo
527 2423 693 2487 devincire
705 2423 850 2506 potuerit
860 2422 993 2487 homine
1006 2423 1162 2506 majorem
1175 2423 1381 2506 putaverint3

231 2537 356 2611 quanto
380 2525 497 2592 celsius
522 2526 686 2590 videbitur
708 2525 775 2590 tale
797 2525 921 2609 aliquid
943 2527 1097 2603 invenire,
1121 2546 1179 2610 per
1201 2526 1291 2609 quod
1317 2524 1381 2590 alia

232 2633 345 2696 omnia
367 2631 524 2715 expedite
548 2630 682 2694 inveniri
705 2628 853 2712 possint?
900 2628 946 2694 Et
968 2639 1081 2694 tamen
1103 2626 1154 2714 (ut
1175 2650 1289 2694 verum
1308 2650 1380 2693 om-

232 2735 309 2800 nino
325 2729 487 2819 dicamus)
505 2733 787 2816 quemadmodum
804 2733 867 2797 luci
884 2753 1037 2816 magnam
1053 2732 1214 2798 habemus
1228 2734 1381 2818 gratiam,

232 2840 322 2923 quod
345 2858 499 2922 peream
521 2837 593 2901 vias
615 2837 704 2914 inire,
722 2845 809 2900 artes
832 2856 995 2914 exercere,
1018 2835 1135 2920 legere,
1157 2857 1219 2900 nos
1242 2837 1380 2901 invicem

233 2943 425 3026 dignoscere
440 2942 625 3025 possimus;
649 2952 682 3006 et
698 2941 909 3006 nihilominus
930 2941 1000 3025 ipsa
1014 2941 1098 3004 visio
1120 2940 1201 3006 lucis
1221 2961 1272 3004 res
1289 2961 1382 3024 prae-

233 3047 373 3110 stantior
388 3055 438 3110 est
453 3055 487 3110 et
502 3045 678 3128 pulchrior,
695 3065 797 3127 quam
818 3043 994 3127 multiplex
1014 3043 1085 3126 ejus
1107 3064 1202 3108 usus:
1224 3045 1271 3108 ita
1292 3055 1382 3109 certe

233 3149 306 3232 ipsa
335 3147 571 3231 contemplatio
598 3169 704 3213 rerum
732 3158 830 3231 prout
856 3159 942 3224 sunt,
968 3149 1039 3212 sine
1068 3148 1298 3232 superstitione
1324 3159 1382 3212 aut

233 3255 424 3338 impostura,
447 3274 556 3318 errore
580 3263 638 3318 aut
660 3252 861 3329 confusione,
883 3253 916 3318 in
943 3252 1051 3338 seipsa
1073 3251 1178 3336 magis
1200 3251 1301 3336 digna
1324 3263 1383 3330 est,

233 3378 334 3441 quam
349 3358 517 3421 universus
531 3358 740 3421 inventorum
755 3356 880 3422 fructus
889 3355 925 3423 ⁷⁶.

278 3463 459 3539 Postremo,
483 3461 586 3543 siquis
608 3461 880 3543 depravationem
907 3459 1118 3525 scientiarum
1141 3468 1174 3524 et
1195 3460 1316 3523 artium
1339 3461 1382 3524 ad

234 3565 395 3630 malitiam
412 3575 446 3628 et
458 3563 622 3628 luxuriam
635 3575 669 3629 et
680 3563 799 3629 similia
810 3564 988 3647 objecerit3
1011 3563 1044 3630 id
1060 3564 1226 3628 neminem
1239 3575 1382 3629 moveat.

269 3816 293 3848 ⁷⁴
313 3820 363 3888 Cp.
376 3819 451 3890 Aph.
464 3833 489 3888 3.
527 3819 577 3872 Dr.
598 3817 713 3873 Kitchin
732 3829 831 3889 quotes
850 3817 929 3889 Livy,
947 3817 999 3876 xxi
1018 3834 1045 3885 4,
1059 3819 1158 3885 where,
1178 3817 1206 3872 in
1225 3817 1385 3886 describing

236 3902 388 3970 Hannibal,
397 3903 433 3956 he
441 3918 520 3971 says:
540 3901 711 3971 ‘Nunquam
725 3901 868 3972 ingenium
876 3902 952 3960 idem
960 3903 997 3956 ad
1006 3918 1050 3956 res
1061 3900 1273 3968 diversissimas,
1284 3917 1384 3971 paren·

235 3986 303 4040 dum
315 3995 400 4056 atque
412 3984 617 4056 imperandum,
629 3983 751 4040 habilius
763 3983 830 4040 suit?
868 3987 880 4039 1
894 4003 960 4054 may
973 3983 1031 4039 add
1043 3983 1203 4039 Aristotle's
1216 3983 1386 4053 description

235 4069 267 4124 ol
281 4070 329 4124 the
346 4069 422 4140 good
438 4067 543 4136 citizen,
557 4068 616 4122 Pol.
629 4067 667 4124 iii.
679 4082 697 4135 4
710 4066 767 4136 (14)
782 4085 789 4124 ε
811 4067 851 4121 δεῖ
867 4067 896 4122 δὲ
913 4069 960 4122 riv
976 4068 1087 4135 πολίτην
1104 4069 1151 4120 τὸν
1166 4067 1263 4135 ἀγαθὸν
1276 4067 1384 4121 iniura-

235 4152 298 4208 σθαι
311 4153 352 4206 ml
369 4151 496 4206 δύνασθαι
508 4151 549 4205 καὶ
560 4151 689 4222 ὅρχεσθαι
707 4153 748 4205 rui
761 4150 860 4222 ἄρχειν,
873 4152 914 4206 καὶ
932 4149 996 4220 αὕτη
1011 4150 1088 4222 ‹iperiy
1107 4150 1225 4218 πολίτου,
1236 4149 1267 4205 τὸ
1278 4149 1387 4218 τὴντῶν

234 4234 377 4305 devehor
388 4235 471 4306 ἀρχὴν
482 4233 640 4290 ἐπίστασθαι
653 4231 693 4287 r'rr'
704 4234 848 4305 ἀμφότερα.
1432 4225 1442 4244 '

270 4316 294 4349 *⁵
314 4322 365 4390 Cp.
379 4319 455 4390 Apu.
470 4333 520 4386 124
531 4317 570 4373 ad
582 4318 629 4372 fin.
641 4317 699 4372 and
711 4328 777 4373 note
791 4331 832 4388 55.
869 4318 940 4374 This
954 4334 1083 4389 passage,
1096 4315 1151 4372 like
1165 4317 1234 4382 that,
1247 4315 1385 4371 lumishes

235 4421 253 4458 a
265 4403 360 4475 happy
371 4403 517 4474 exception
530 4411 559 4456 to
576 4401 625 4455 the
643 4418 761 4456 manner
774 4402 801 4456 in
814 4401 904 4458 which
917 4403 1024 4468 Bacon,
1036 4401 1115 4454 when
1135 4398 1271 4472 speaking
1290 4399 1321 4454 oi
1336 4399 1386 4454 the

235 4488 307 4542 ends
319 4485 351 4542 oi
359 4485 531 4555 knowledge,
544 4485 652 4556 usually
664 4484 861 4541 subordinates
874 4485 950 4540 truth
963 4493 992 4539 to
1005 4483 1134 4556 practice.

800 4587 819 4638 Z
