3280 5238
637 447 718 503 ΜΒ.
742 447 784 503 ΙΙ.
808 439 860 527 36.
1259 445 1324 529 485

174 619 206 672 et
232 609 420 688 exhorrent,
447 608 558 692 qualia
587 621 663 674 sunt
695 609 780 676 sales
810 631 934 677 omnes.
982 613 1144 679 Videmus
1174 615 1271 693 enim,
1297 618 1325 681 si

169 713 332 795 jaciantur
353 715 386 777 in
409 715 527 798 ignem,
550 715 702 799 spiritum
728 736 871 800 aqueum
900 737 1071 802 erumpere
1097 739 1172 784 cum
1197 718 1326 803 fragore

173 826 352 900 antequam
371 817 505 885 flamma
522 819 744 903 concipiatur;
767 821 976 902 quodetiam
997 821 1113 887 leniter
1133 821 1169 886 fit
1189 823 1221 886 in
1240 824 1326 889 soliis

174 920 273 1004 paulo
291 923 597 999 contumacioribus‚
612 933 706 1006 parte
724 944 830 1007 aquea
848 936 1043 1010 erumpente
1061 935 1239 1009 antequam
1258 928 1326 992 ole-

174 1044 232 1089 osa
247 1026 411 1110 concipiat
428 1025 603 1091 flammam.
650 1025 717 1091 Sed
738 1029 884 1093 maxime
904 1031 1044 1095 cernitur
1059 1029 1123 1094 hoc
1139 1031 1172 1094 in
1187 1044 1325 1114 argento

173 1130 258 1207 viv0,
269 1130 360 1212 quod
373 1150 438 1194 nou
451 1130 537 1195 male
548 1131 666 1196 dicitur
677 1151 764 1214 aqua
780 1133 953 1197 mineralis.
1000 1133 1075 1199 Hoc
1091 1135 1187 1209 enim,
1198 1136 1325 1219 absque

174 1232 443 1310 inflammatione,
456 1254 515 1318 per
526 1236 732 1318 eruptionem
749 1247 781 1300 et
793 1235 1030 1320 expansionem
1047 1237 1229 1322 simplicem
1240 1240 1325 1303 vires

174 1337 315 1418 pulveris
337 1339 422 1422 pyrii
447 1337 514 1404 iere
536 1341 717 1422 adaequat3
747 1343 836 1422 quod
860 1342 961 1407 etiam
986 1343 1176 1407 admixtum
1198 1342 1324 1426 pulveri

174 1441 268 1525 pyrio
284 1441 354 1523 ejus
368 1443 453 1506 vires
469 1442 685 1525 multiplicare
700 1444 828 1507 dicitur.

216 1541 265 1632 (8)
288 1543 456 1621 Similiter,
472 1547 514 1610 sit
536 1557 654 1611 natura
676 1547 832 1630 inquisita
847 1548 1048 1615 Transitoria
1065 1551 1194 1614 Natura
1211 1550 1322 1614 Flam-

174 1668 255 1726 mae,
270 1657 304 1714 et
318 1649 490 1714 Extinctio
504 1649 574 1732 ejus
591 1651 834 1716 Momentanea
870 1653 948 1716 Non
964 1654 1052 1718 enim
1062 1655 1193 1718 videtur
1209 1663 1326 1720 natura

174 1751 326 1818 flammea
351 1754 406 1818 hic
430 1754 520 1836 apud
546 1774 607 1818 nos
637 1752 693 1838 figi
719 1765 753 1819 et
777 1757 962 1834 consistere,
984 1758 1045 1822 sed
1069 1756 1205 1841 singulis
1230 1760 1324 1840 quasi

175 1857 351 1922 momentis
369 1859 527 1942 generari,
543 1867 576 1924 et
596 1859 709 1922 statim
732 1861 890 1943 extingui.
936 1858 1150 1925 Manifestum
1168 1861 1254 1924 enim
1274 1871 1325 1926 est

174 1961 205 2024 in
222 1959 372 2036 flammis,
387 1981 471 2045 quae
487 1963 540 2027 hic
561 1962 794 2027 continuantur
808 1973 842 2027 et
857 1965 987 2040 durant,
1005 1965 1102 2028 istam
1118 1965 1325 2030 durationem

174 2085 239 2128 non
258 2085 329 2129 esse
351 2065 499 2147 ejusdem
522 2065 678 2130 flammae
699 2067 732 2130 in
755 2067 933 2148 individuo,
951 2068 1010 2132 sed
1032 2067 1100 2132 fieri
1122 2088 1181 2152 per
1200 2088 1325 2134 succes-

172 2169 300 2233 sionem
333 2189 438 2234 novae
470 2168 625 2234 flammae
653 2171 799 2234 seriatim
832 2182 1016 2256 generatae,
1046 2172 1181 2236 minime
1213 2183 1324 2237 autem

175 2293 307 2337 manere
325 2274 464 2338 eandem
486 2272 655 2338 flammam
671 2294 827 2354 numero;
852 2275 886 2340 id
904 2276 994 2358 quod
1017 2275 1113 2340 facile
1132 2277 1326 2361 perspicitur

173 2397 216 2440 ex
232 2375 304 2452 hoc,
321 2377 421 2459 quod,
436 2377 606 2442 subtracto
622 2376 779 2442 alimento
794 2380 863 2443 sive
883 2380 997 2445 fomite
1012 2378 1175 2458 flammae,
1191 2380 1326 2443 flamma

174 2481 286 2545 statim
311 2491 432 2564 pereat.
478 2481 610 2545 Bivium
640 2489 752 2545 autem
778 2483 863 2547 circa
890 2484 975 2548 hanc
1001 2493 1152 2547 naturam
1176 2484 1242 2547 tale
1267 2493 1325 2547 est.

176 2585 411 2649 Momentanea
431 2584 494 2650 ista
513 2596 629 2649 natura
648 2594 707 2650 aut
722 2584 759 2649 fit
775 2587 965 2653 remittente
982 2607 1019 2650 se
1039 2606 1137 2651 causa
1152 2607 1236 2670 quae
1251 2607 1325 2650 eam

174 2689 282 2772 primo
309 2688 431 2772 genuit,
454 2699 490 2752 ut
517 2689 549 2753 in
576 2689 708 2766 lumine,
731 2691 827 2768 sonis,
851 2700 884 2755 et
908 2691 1051 2755 motibus
1074 2687 1171 2775 (quos
1193 2691 1326 2776 vocant)

174 2790 344 2869 violentis;
365 2802 424 2856 aut
439 2794 529 2876 quod
550 2792 685 2857 flamma
705 2795 738 2857 in
759 2804 876 2858 natura
896 2815 956 2858 sua
972 2795 1076 2879 possit
1092 2793 1144 2858 hic
1160 2794 1248 2878 apud
1265 2814 1326 2858 nos

175 2916 316 2971 manere,
339 2897 396 2960 sed
419 2918 440 2961 a
462 2898 631 2962 contrariis
654 2897 779 2962 naturis
805 2897 1011 2963 circumfusis
1033 2898 1100 2962 vim
1124 2899 1270 2982 patiatur
1292 2910 1325 2962 et

174 3001 361 3065 destruatur
370 2999 404 3062 ²¹.

219 3103 337 3187 Itaque
353 3103 472 3186 poterit
487 3125 558 3168 esse
569 3105 655 3169 circa
671 3103 734 3171 hoc
748 3104 933 3188 subjectum
951 3107 1110 3172 instanlia
1124 3106 1229 3170 crucis
1240 3105 1324 3170 talis.

173 3207 336 3272 Videmus
357 3207 509 3272 flammas
525 3209 556 3272 in
573 3209 731 3274 incendiis
747 3211 934 3292 majoribus,
950 3230 1050 3293 quam
1066 3210 1134 3275 alte
1149 3211 1181 3273 in
1197 3229 1325 3274 sursum

174 3312 360 3376 ascendant.
398 3311 534 3394 Quanto
550 3313 637 3376 enim
653 3312 740 3377 basis
757 3312 910 3378 flammae
926 3325 975 3378 est
991 3314 1097 3392 latior,
1105 3323 1200 3378 tanto
1211 3324 1325 3376 vertex

175 3415 355 3480 sublimior.
404 3415 520 3498 Itaque
539 3415 670 3481 videtur
693 3417 889 3501 principium
914 3418 1126 3483 extinctionis
1148 3417 1217 3492 fieri
1240 3417 1326 3480 circa

174 3519 287 3593 latera,
303 3519 360 3583 ubi
374 3520 418 3584 ab
432 3526 507 3583 aere
528 3518 663 3585 flamma
683 3523 911 3605 comprimitur
925 3533 958 3586 et
974 3521 1060 3586 male
1080 3520 1230 3585 habetur.
1275 3519 1325 3584 At

208 3704 228 3737 ²¹
247 3709 309 3762 The
320 3707 470 3762 extinction
482 3706 514 3762 os
528 3708 641 3763 aflame
660 3707 691 3776 is,
705 3708 736 3763 os
750 3725 856 3777 course,
869 3709 924 3765 due
943 3719 971 3764 to
991 3710 1039 3764 the
1059 3708 1160 3778 supply
1172 3707 1204 3762 of
1223 3724 1276 3762 one
1294 3726 1327 3762 or

175 3791 256 3846 other
273 3790 305 3846 ol
319 3790 367 3845 the
384 3808 476 3860 gases,
494 3792 532 3860 by
549 3791 597 3846 the
616 3791 806 3847 combination
824 3792 856 3846 of
871 3792 961 3846 which
981 3791 1002 3846 lt
1023 3792 1047 3846 is
1071 3791 1221 3861 produced,
1241 3791 1326 3859 being

176 3885 221 3929 cut
234 3875 279 3928 off.
317 3876 356 3930 So
368 3873 411 3928 far
423 3876 446 3930 is
458 3875 647 3946 atmospheric
658 3875 700 3930 air
712 3875 782 3929 from
794 3875 879 3944 being
893 3875 1014 3930 inimical
1027 3883 1056 3930 to
1068 3875 1151 3929 dame
1163 3873 1234 3940 that,
1247 3873 1275 3928 in
1288 3873 1326 3942 by

175 3975 242 4027 very
253 3958 296 4011 iar
307 3957 356 4012 the
368 3967 446 4028 great
459 3957 590 4028 majority
602 3959 634 4013 of
642 3976 730 4026 cases,
743 3958 791 4014 the
802 3975 910 4029 oxygen
924 3959 1015 4013 which
1028 3958 1052 4012 is
1068 3956 1219 4012 contained
1238 3957 1267 4011 in
1284 3957 1327 4011 air

176 4043 262 4097 isone
272 4040 304 4096 of
312 4041 359 4096 the
369 4057 451 4110 gases
461 4040 499 4111 by
509 4042 556 4097 the
566 4043 757 4096 combination
767 4042 799 4096 os
808 4043 897 4097 which
909 4042 992 4096 ilame
1001 4042 1025 4096 is
1035 4040 1194 4110 generatcd.
1230 4041 1268 4094 At
1278 4039 1327 4095 the

175 4141 254 4180 same
266 4124 344 4192 time,
357 4126 438 4180 when
451 4141 559 4194 orygen
572 4125 595 4180 is
608 4125 715 4181 carried
729 4136 758 4179 to
769 4125 817 4181 the
831 4143 898 4195 very
908 4126 985 4180 beart
996 4125 1028 4180 of
1035 4143 1053 4179 a
1062 4124 1153 4189 hams,
1163 4124 1184 4178 it
1194 4123 1327 4194 instantly

175 4225 323 4264 consumes
334 4209 381 4264 the
391 4209 473 4263 other
480 4225 541 4279 gas,
551 4209 608 4263 and
618 4225 651 4263 so
660 4225 727 4277 may
736 4207 893 4279 extinguish
902 4209 949 4264 the
960 4209 1042 4263 llame
1052 4208 1090 4278 by
1099 4207 1263 4278 destroying
1273 4225 1326 4263 one

176 4293 207 4348 of
217 4293 253 4348 its
266 4291 459 4347 constituente.

212 4377 259 4432 On
283 4376 332 4430 the
350 4387 449 4431 nature
467 4376 499 4430 oi
513 4376 596 4430 llame
625 4375 667 4445 (of
685 4375 775 4430 which
804 4377 899 4431 Bacon
925 4393 982 4432 was
1007 4376 1084 4447 quite
1109 4374 1261 4445 ignorant),
1280 4392 1326 4430 see

177 4458 323 4527 Tyndall’s
337 4459 443 4514 Heata
457 4460 544 4514 Mode
556 4459 589 4513 os
596 4459 704 4513 Motron
707 4460 774 4528 3rd
786 4460 839 4514 Ed
841 4458 928 4532 ,§49,
939 4459 999 4530 &c.,
1010 4477 1041 4514 or
1051 4459 1151 4514 Watts
1163 4458 1328 4586 Dictionary

177 4543 208 4598 oi
218 4541 385 4613 Chemistry,
398 4543 515 4599 article‘
525 4543 727 4598 Combustionl
