3280 5238
655 417 735 474 Lu·
758 417 802 475 u·
824 425 877 492 47·
1166 404 1169 412 ’
1273 427 1333 499 sar

186 579 347 646 vocabulo
366 604 386 648 a
403 580 587 669 Medicinis)
602 602 722 647 vocare
743 581 973 648 consuevimus
982 581 1019 647 ⁴⁹.
1066 583 1136 650 Eae
1159 595 1234 650 sunt
1252 605 1339 669 quae

187 694 375 750 mensurant
400 687 537 752 virtutes
562 708 622 770 per
646 685 780 766 Quanta
809 707 995 772 corporum,
1019 699 1052 754 et
1083 689 1229 755 indicant
1257 681 1339 774 quid

188 788 356 868 Quantum
389 789 536 873 Corporis
568 791 667 856 faciat
696 792 739 856 ad
770 791 911 856 Modum
944 793 1096 879 Virtutis.
1147 793 1200 859 Ac
1230 794 1338 878 primo

185 904 261 959 sunt
291 896 457 978 quaedam
482 896 620 961 virtutes
643 916 730 979 quae
759 917 826 961 non
856 897 1040 962 subsistunt
1070 897 1131 962 nisi
1161 898 1194 962 in
1219 909 1339 981 quanto

184 999 326 1076 cosmica,
341 999 404 1064 hoc
422 1010 481 1077 est,
496 999 554 1065 tali
570 1007 690 1081 quanto
707 1001 798 1084 quod
820 999 941 1066 habeat
957 1021 1153 1066 consensum
1169 1022 1245 1066 cum
1260 1022 1337 1067 con·

186 1101 381 1186 figuratione
402 1115 436 1170 et
459 1103 582 1169 fabrica
602 1105 752 1168 universi.
797 1105 900 1169 Terra
919 1106 1007 1170 enim
1029 1116 1115 1184 stat3
1137 1117 1249 1189 partes
1266 1106 1338 1189 ejus

186 1207 317 1272 cadunt.
354 1208 478 1290 Aquae
488 1209 520 1272 in
533 1209 678 1274 maribus
693 1209 798 1274 fluunt
811 1220 844 1274 et
856 1209 1011 1287 refluunt3
1029 1210 1061 1275 in
1074 1209 1181 1275 fluviis
1193 1211 1338 1288 minime,

186 1311 247 1374 nisi
268 1333 328 1395 per
347 1312 528 1396 ingressum
550 1314 657 1378 maris.
703 1314 834 1377 Deinde
856 1315 957 1378 etiam
976 1334 1094 1379 omnes
1116 1315 1182 1378 fere
1199 1315 1338 1380 virtutes

185 1416 399 1498 particulares
411 1418 591 1482 secundum
605 1417 747 1481 multum
758 1427 816 1481 aut
823 1417 983 1500 parum⁵⁰
992 1419 1138 1502 corporis
1150 1428 1337 1501 operantur.

185 1519 308 1602 Aquae
323 1519 434 1604 largae
446 1542 513 1586 non
525 1521 620 1586 facile
636 1532 908 1605 corrumpuntur;
927 1522 1068 1606 exiguae
1080 1523 1155 1587 cito.
1186 1522 1337 1588 Mustum

186 1635 219 1688 et
231 1624 366 1688 cervisia
379 1633 604 1690 maturescunt
616 1626 716 1709 longe
730 1625 834 1702 citius,
845 1635 878 1690 et
891 1625 972 1689 fiunt
984 1626 1154 1708 potabilia,
1165 1626 1197 1690 in
1210 1627 1339 1691 utribus

185 1728 303 1811 parvis,
323 1749 424 1811 quam
448 1729 482 1793 in
504 1729 599 1793 doliis
623 1731 762 1814 magnis.
809 1728 844 1793 Si
867 1729 970 1794 herba
992 1741 1134 1813 ponatur
1157 1731 1189 1794 in
1213 1731 1337 1813 majore

185 1832 336 1914 portione
361 1832 505 1914 liquoris,
529 1833 568 1897 fit
594 1833 720 1912 infusi0,
748 1834 853 1917 magis
878 1854 980 1916 quam
1006 1832 1225 1915 imbibitio⁵¹;
1254 1835 1282 1899 si
1305 1836 1338 1900 in

186 1937 321 2014 minore,
340 1935 379 2000 fit
399 1936 572 2014 imbibitio,
588 1939 694 2021 magis
715 1958 816 2019 quam
840 1936 968 2003 infusio.
1011 1937 1116 2002 Aliud
1140 1939 1240 2023 igitur
1260 1961 1338 2022 erga

185 2061 305 2123 corpus
330 2040 512 2105 humanum
536 2052 586 2105 est
610 2042 774 2120 balneum,
797 2042 888 2106 allud
912 2041 992 2106 levis
1017 2041 1177 2108 irroratio.
1223 2042 1337 2107 Etiam

185 2145 277 2227 parvi
293 2165 383 2208 rores
403 2145 442 2209 in'
453 2152 530 2210 aere
550 2166 719 2228 nunquam
735 2143 904 2222 cadunt⁶²‚
920 2146 980 2211 sed
996 2147 1197 2230 dissipantur
1213 2157 1246 2211 et
1262 2167 1338 2212 cum

185 2255 261 2312 ae're
277 2247 537 2330 incorporantur.
584 2250 630 2314 Et
644 2251 756 2316 videre
778 2263 829 2316 est
845 2252 877 2315 in
895 2251 1043 2315 anhelitu
1063 2271 1162 2335 super
1176 2271 1338 2335 gemmas,

185 2373 302 2434 parum
322 2352 402 2417 illud
422 2353 580 2432 humoris,
596 2355 691 2437 quasi
710 2356 907 2420 nubeculam
926 2365 1027 2420 vento
1043 2356 1245 2438 dissipatam,
1261 2375 1338 2420 con-

184 2457 278 2521 tinuo
304 2457 398 2522 solvi.
453 2457 565 2522 Etiam
597 2459 735 2523 frustum
767 2460 916 2542 ejusdem
947 2460 1109 2542 magnetis
1138 2479 1205 2523 non
1235 2459 1337 2524 trahit

220 2663 243 2696 ⁴⁹
261 2665 354 2720 These
367 2663 549 2720 ‘instantiae’
562 2683 610 2721 are
629 2665 779 2736 peculiarly
792 2666 919 2721 valuable
937 2665 966 2720 in
984 2663 1129 2720 medicine.
1167 2665 1230 2720 The
1247 2664 1337 2720 whole

187 2749 436 2818 Pharmacopoeia,
456 2748 485 2804 in
503 2749 568 2816 fact,
588 2749 611 2804 is
630 2766 667 2804 an
686 2749 852 2804 illustration
869 2748 901 2803 of
916 2748 1003 2804 them.
1040 2749 1095 2804 See
1114 2764 1193 2803 some
1211 2765 1278 2816 very
1296 2748 1337 2802 in-

116 2885 124 2892 .
185 2832 320 2901 tenesting
332 2833 458 2886 remarks
470 2849 508 2886 on
521 2833 569 2887 the
583 2833 677 2888 Doses
690 2833 723 2887 of
738 2832 891 2887 Medicinal
905 2833 1077 2888 Substances
1090 2831 1147 2885 and
1159 2832 1207 2886 the
1219 2831 1338 2886 circum-

186 2925 297 2970 stances
309 2915 347 2984 by
360 2914 451 2970 which
463 2915 536 2970 their
549 2915 646 2971 effects
665 2933 712 2972 are
730 2915 864 2971 modified
883 2915 911 2970 in
931 2917 982 2970 Dr.
996 2913 1082 2970 Paris'
1096 2914 1337 2984 Pharmaeologia,

185 2999 235 3067 9th
249 2999 312 3066 Ed,
325 3016 372 3069 vv·
384 2999 499 3068 assor,
511 2999 568 3054 and
584 3015 627 3069 cn·
641 3015 686 3068 nn·
702 3013 796 3068 ms·

221 3083 284 3137 The
297 3083 350 3137 law
363 3083 394 3137 of
409 3081 522 3137 definite
540 3082 718 3153 proportions
736 3082 765 3137 io
784 3079 936 3150 chemistry
948 3081 1037 3152 might
1056 3082 1092 3136 be
1110 3081 1231 3150 brought
1250 3079 1339 3136 under

186 3165 244 3221 this
256 3165 330 3220 head
349 3165 381 3220 of
396 3163 545 3234 instances,
559 3166 673 3220 without
693 3165 777 3236 doing
795 3166 879 3219 much
892 3165 1017 3221 violence
1035 3175 1065 3219 to
1083 3165 1169 3233 them,
1181 3164 1296 3234 though,
1309 3164 1342 3220 of

186 3265 292 3316 course,
307 3251 402 3303 Bacon
415 3249 472 3303 had
485 3249 598 3304 himself
607 3266 645 3304 no
657 3249 823 3319 conception
836 3250 868 3303 of
876 3248 905 3304 it

222 3334 256 3386 ln
281 3332 436 3386 connexion
463 3331 530 3386 with
559 3331 616 3388 this
640 3332 802 3402 Aphorism,
821 3333 869 3387 the
893 3332 1006 3387 student
1030 3347 1096 3402 may
1121 3331 1205 3400 ageio
1229 3331 1337 3388 consult

187 3416 346 3471 Herschel’s
360 3415 520 3482 Discourse,
533 3416 593 3483 dre,
607 3413 638 3486 §§
655 3416 750 3485 115-6.

220 3500 244 3533 ⁸⁰
261 3504 373 3557 Parum
386 3501 410 3557 is
423 3503 490 3558 here
504 3504 573 3558 used
587 3503 615 3557 in
628 3503 664 3557 its
677 3503 747 3558 later
759 3520 841 3558 sense
854 3503 887 3558 of
896 3503 997 3558 ‘little'

219 3583 241 3617 ⁸¹
260 3588 304 3656 By
315 3586 371 3642 this
385 3587 461 3641 word
474 3586 497 3642 is
510 3596 606 3642 meant
619 3589 667 3642 the
679 3587 843 3656 absorption
856 3587 887 3641 of
896 3587 943 3641 the
957 3586 1048 3656 liquor
1058 3587 1097 3656 by
1108 3585 1156 3642 the
1168 3585 1247 3643 herb.

219 3666 242 3702 ⁸¹
260 3672 356 3724 Bacon
369 3687 433 3738 was,
447 3670 480 3724 of
488 3687 594 3737 course,
609 3669 737 3739 ignorant
750 3670 780 3724 of
795 3670 843 3725 the
860 3679 922 3724 true
941 3670 1039 3738 theory
1052 3670 1084 3724 of
1100 3671 1179 3737 Dew,
1191 3669 1233 3724 for
1245 3669 1336 3725 which

186 3769 233 3808 see
247 3753 298 3808 Dr.
311 3753 409 3808 Wells’
421 3753 596 3808 remarkable
614 3752 736 3808 Memoir
750 3770 787 3808 on
806 3754 854 3807 the
873 3753 986 3821 Theory
998 3752 1031 3807 of
1046 3754 1123 3819 Dew,
1138 3751 1280 3822 reprinted
1298 3755 1337 3824 by

186 3836 414 3906 lmngmansand
423 3835 606 3904 Co.,in1866.
637 3837 722 3892 Some
731 3846 847 3891 account
855 3836 887 3890 of
893 3835 1046 3890 Dr.Wells'
1054 3835 1213 3890 researches
1222 3835 1337 3906 isgiven

184 3919 212 3974 in
227 3919 388 3975 Herschel's
399 3919 551 3976 Discourse
561 3937 598 3974 on
608 3919 656 3975 the
666 3920 756 3990 Study
766 3921 798 3975 of
808 3921 927 3974 Natural
937 3918 1116 3988 Philosophy,
1128 3915 1159 3989 ἕξ
1174 3919 1267 3988 163-9,
1277 3920 1336 3975 and

184 4002 212 4057 in
228 4003 313 4058 Mill's
327 4003 422 4072 Logic,
435 4003 482 4057 bk.
496 4002 533 4057 iii.
546 4004 590 4057 ch.
603 4017 629 4071 9.
643 4000 657 4072 ξ
672 4017 697 4071 3.

220 4087 282 4142 The
295 4086 436 4155 following
448 4086 558 4140 curious
571 4103 690 4156 passage
704 4085 731 4140 in
745 4087 793 4141 the
807 4084 934 4140 Historia
948 4082 1037 4139 Densi
1050 4094 1078 4139 et
1092 4081 1159 4138 Rari
1174 4083 1218 4152 (E.
1228 4085 1285 4140 and
1296 4087 1335 4154 S..

184 4169 238 4225 vol.
251 4169 280 4223 ii.
293 4187 319 4240 p.
332 4167 396 4237 291)
410 4169 443 4235 is,
456 4171 587 4240 perhaps,
600 4169 689 4224 worth
701 4169 905 4238 transcribing:
927 4169 1032 4223 ‘Rores
1045 4166 1173 4222 matutini
1189 4178 1253 4223 sunt
1272 4186 1335 4238 pro·

184 4252 316 4308 culdubio
331 4269 457 4322 vapores,
470 4253 557 4323 quiin
571 4270 664 4308 aerem
678 4269 777 4323 purum
790 4270 846 4307 non
865 4261 945 4306 erant
964 4253 1045 4322 plene
1064 4249 1193 4320 dissipati
1211 4262 1239 4306 et
1251 4252 1334 4321 versi,

184 4335 235 4392 sed
250 4336 404 4390 haerebant
423 4335 584 4406 imperfecte
603 4335 688 4404 misti,
707 4337 798 4391 donec
817 4353 867 4406 per
883 4335 985 4406 frigora
1003 4334 1102 4403 noctis,
1124 4334 1287 4403 praesertim
1306 4335 1334 4391 io
1425 4343 1428 4348 '

184 4419 298 4488 regione
311 4419 404 4474 media
416 4435 501 4490 quam
514 4429 616 4475 vocant
629 4419 710 4487 aeris,
723 4419 825 4475 fuerint
839 4419 1002 4490 repercussi,
1012 4429 1040 4474 et
1053 4418 1081 4471 in
1094 4433 1198 4488 aquam
1211 4418 1335 4476 conden-

184 4502 254 4560 sati.¹
290 4503 347 4559 For
359 4503 478 4558 another
490 4501 654 4574 interesting
666 4519 794 4573 passage,
808 4519 854 4558 see
867 4503 953 4572 Sylva
965 4503 1121 4574 Sylvarum,
1135 4501 1206 4572 Exp.
1219 4503 1262 4560 81.

705 4602 812 4652 Mma
