<?xml version="1.0" encoding="UTF-8"?>
<!DOCTYPE html PUBLIC "-//W3C//DTD XHTML 1.0 Transitional//EN"
    "http://www.w3.org/TR/xhtml1/DTD/xhtml1-transitional.dtd">
<html xmlns="http://www.w3.org/1999/xhtml" xml:lang="en" lang="en">
 <head>
  <title>
</title>
<meta http-equiv="Content-Type" content="text/html;charset=utf-8" />
  <meta name='ocr-system' content='tesseract 3.04.00' />
  <meta name='ocr-capabilities' content='ocr_page ocr_carea ocr_par ocr_line ocrx_word'/>
</head>
<body>
  <div class='ocr_page' id='page_1' title='image "./baconsnovumorga00bacogoog/baconsnovumorga00bacogoog_0404.png"; bbox 0 0 3342 5152; ppageno 0'>
   <div class='ocr_carea' id='block_1_1' title="bbox 711 346 1395 423">
    <p class='ocr_par' dir='ltr' id='par_1_1' title="bbox 711 346 1395 423">
     <span class='ocr_line' id='line_1_1' title="bbox 711 346 1395 423; baseline -0.015 -22"><span class='ocrx_word' id='word_1_1' title='bbox 711 346 791 402; x_wconf 88' lang='lat' dir='ltr'><em>LIB.</em></span> <span class='ocrx_word' id='word_1_2' title='bbox 814 346 856 400; x_wconf 89' lang='lat' dir='ltr'>II.</span> <span class='ocrx_word' id='word_1_3' title='bbox 884 355 931 402; x_wconf 82' lang='lat'>12.</span> <span class='ocrx_word' id='word_1_4' title='bbox 1331 351 1395 423; x_wconf 84' lang='lat'>375</span> 
     </span>
    </p>
   </div>
   <div class='ocr_carea' id='block_1_2' title="bbox 175 507 1396 2883">
    <p class='ocr_par' dir='ltr' id='par_1_2' title="bbox 175 507 1396 1114">
     <span class='ocr_line' id='line_1_2' title="bbox 175 507 1394 598; baseline 0.002 -24"><span class='ocrx_word' id='word_1_5' title='bbox 175 575 182 598; x_wconf 61' lang='grc'><em>,</em></span> <span class='ocrx_word' id='word_1_6' title='bbox 270 523 418 575; x_wconf 64' lang='lat' dir='ltr'>adm-1⁷¹·</span> <span class='ocrx_word' id='word_1_7' title='bbox 465 507 682 592; x_wconf 88' lang='lat' dir='ltr'>Subjungitur</span> <span class='ocrx_word' id='word_1_8' title='bbox 696 512 850 592; x_wconf 82' lang='lat' dir='ltr'>negativa</span> <span class='ocrx_word' id='word_1_9' title='bbox 863 518 1098 594; x_wconf 89' lang='lat' dir='ltr'>tempestatum</span> <span class='ocrx_word' id='word_1_10' title='bbox 1114 509 1304 594; x_wconf 87' lang='lat' dir='ltr'>frigidarum</span> <span class='ocrx_word' id='word_1_11' title='bbox 1325 531 1394 576; x_wconf 92' lang='lat' dir='ltr'>ma·</span> 
     </span>
     <span class='ocr_line' id='line_1_3' title="bbox 245 609 1396 698; baseline 0.007 -27"><span class='ocrx_word' id='word_1_12' title='bbox 245 609 295 689; x_wconf 86' lang='lat' dir='ltr'>gis</span> <span class='ocrx_word' id='word_1_13' title='bbox 314 630 414 692; x_wconf 92' lang='lat' dir='ltr'>quam</span> <span class='ocrx_word' id='word_1_14' title='bbox 434 632 494 693; x_wconf 90' lang='lat' dir='ltr'>pro</span> <span class='ocrx_word' id='word_1_15' title='bbox 512 615 636 677; x_wconf 89' lang='lat' dir='ltr'>ratione</span> <span class='ocrx_word' id='word_1_16' title='bbox 659 616 819 698; x_wconf 90' lang='lat' dir='ltr'>temporis</span> <span class='ocrx_word' id='word_1_17' title='bbox 839 614 923 690; x_wconf 80' lang='lat' dir='ltr'>anni,</span> <span class='ocrx_word' id='word_1_18' title='bbox 943 634 1027 696; x_wconf 90' lang='lat' dir='ltr'>quae</span> <span class='ocrx_word' id='word_1_19' title='bbox 1048 614 1203 679; x_wconf 90' lang='lat' dir='ltr'>eveniunt</span> <span class='ocrx_word' id='word_1_20' title='bbox 1225 615 1314 698; x_wconf 88' lang='lat' dir='ltr'>apud</span> <span class='ocrx_word' id='word_1_21' title='bbox 1335 635 1396 680; x_wconf 91' lang='lat' dir='ltr'>nos</span> 
     </span>
     <span class='ocr_line' id='line_1_4' title="bbox 246 711 1394 802; baseline 0.008 -27"><span class='ocrx_word' id='word_1_22' title='bbox 246 711 343 776; x_wconf 90' lang='lat' dir='ltr'>flante</span> <span class='ocrx_word' id='word_1_23' title='bbox 366 715 458 778; x_wconf 88' lang='lat' dir='ltr'>Euro</span> <span class='ocrx_word' id='word_1_24' title='bbox 480 725 513 781; x_wconf 93' lang='lat' dir='ltr'>et</span> <span class='ocrx_word' id='word_1_25' title='bbox 538 717 663 786; x_wconf 86' lang='lat' dir='ltr'>Borea:</span> <span class='ocrx_word' id='word_1_26' title='bbox 687 717 970 800; x_wconf 87' lang='lat' dir='ltr'>quemadmodum</span> <span class='ocrx_word' id='word_1_27' title='bbox 993 726 1026 782; x_wconf 90' lang='lat' dir='ltr'>et</span> <span class='ocrx_word' id='word_1_28' title='bbox 1050 719 1231 782; x_wconf 90' lang='lat' dir='ltr'>contrariae</span> <span class='ocrx_word' id='word_1_29' title='bbox 1250 729 1394 802; x_wconf 90' lang='lat' dir='ltr'>tempes-</span> 
     </span>
     <span class='ocr_line' id='line_1_5' title="bbox 245 820 1395 905; baseline 0.005 -25"><span class='ocrx_word' id='word_1_30' title='bbox 245 827 330 882; x_wconf 88' lang='lat' dir='ltr'>tates</span> <span class='ocrx_word' id='word_1_31' title='bbox 359 821 513 884; x_wconf 90' lang='lat' dir='ltr'>eveniunt</span> <span class='ocrx_word' id='word_1_32' title='bbox 540 820 640 887; x_wconf 89' lang='lat' dir='ltr'>flante</span> <span class='ocrx_word' id='word_1_33' title='bbox 664 822 791 887; x_wconf 86' lang='lat' dir='ltr'>Austro</span> <span class='ocrx_word' id='word_1_34' title='bbox 818 830 853 886; x_wconf 90' lang='lat' dir='ltr'>et</span> <span class='ocrx_word' id='word_1_35' title='bbox 879 821 1042 905; x_wconf 82' lang='lat' dir='ltr'>Zephyro</span> <span class='ocrx_word' id='word_1_36' title='bbox 1090 822 1203 888; x_wconf 91' lang='lat' dir='ltr'>Etiam</span> <span class='ocrx_word' id='word_1_37' title='bbox 1230 822 1395 888; x_wconf 87' lang='lat' dir='ltr'>inclinatio</span> 
     </span>
     <span class='ocr_line' id='line_1_6' title="bbox 245 922 1396 1011; baseline 0.005 -27"><span class='ocrx_word' id='word_1_38' title='bbox 245 922 287 985; x_wconf 89' lang='lat' dir='ltr'>ad</span> <span class='ocrx_word' id='word_1_39' title='bbox 316 922 462 1005; x_wconf 87' lang='lat' dir='ltr'>pluviam</span> <span class='ocrx_word' id='word_1_40' title='bbox 493 922 699 1008; x_wconf 88' lang='lat' dir='ltr'>(praesertim</span> <span class='ocrx_word' id='word_1_41' title='bbox 731 928 936 1010; x_wconf 85' lang='lat' dir='ltr'>temporibus</span> <span class='ocrx_word' id='word_1_42' title='bbox 969 924 1190 1011; x_wconf 84' lang='lat' dir='ltr'>hyemalibus)</span> <span class='ocrx_word' id='word_1_43' title='bbox 1220 928 1396 992; x_wconf 86' lang='lat' dir='ltr'>comitatur</span> 
     </span>
     <span class='ocr_line' id='line_1_7' title="bbox 245 1030 1153 1114; baseline 0.002 -24"><span class='ocrx_word' id='word_1_44' title='bbox 245 1037 475 1110; x_wconf 88' lang='lat' dir='ltr'>tempestatem</span> <span class='ocrx_word' id='word_1_45' title='bbox 498 1031 667 1114; x_wconf 81' lang='lat' dir='ltr'>tepidam3</span> <span class='ocrx_word' id='word_1_46' title='bbox 695 1041 729 1094; x_wconf 89' lang='lat' dir='ltr'>at</span> <span class='ocrx_word' id='word_1_47' title='bbox 752 1033 830 1114; x_wconf 91' lang='lat' dir='ltr'>gelu</span> <span class='ocrx_word' id='word_1_48' title='bbox 853 1039 968 1094; x_wconf 90' lang='lat' dir='ltr'>contra</span> <span class='ocrx_word' id='word_1_49' title='bbox 990 1030 1153 1112; x_wconf 83' lang='lat' dir='ltr'>frigidam.</span> 
     </span>
    </p>

    <p class='ocr_par' dir='ltr' id='par_1_3' title="bbox 243 1132 1396 2883">
     <span class='ocr_line' id='line_1_8' title="bbox 269 1132 1396 1218; baseline 0.004 -22"><span class='ocrx_word' id='word_1_50' title='bbox 269 1145 303 1186; x_wconf 73' lang='lat' dir='ltr'>Ad</span> <span class='ocrx_word' id='word_1_51' title='bbox 314 1155 365 1188; x_wconf 79' lang='lat'>12·-</span> <span class='ocrx_word' id='word_1_52' title='bbox 376 1149 416 1189; x_wconf 70' lang='lat' dir='ltr'>xe·</span> <span class='ocrx_word' id='word_1_53' title='bbox 462 1132 679 1218; x_wconf 90' lang='lat' dir='ltr'>Subjungitur</span> <span class='ocrx_word' id='word_1_54' title='bbox 708 1137 862 1217; x_wconf 84' lang='lat' dir='ltr'>negativa</span> <span class='ocrx_word' id='word_1_55' title='bbox 891 1134 976 1199; x_wconf 70' lang='lat' dir='ltr'>atris</span> <span class='ocrx_word' id='word_1_56' title='bbox 1006 1133 1151 1200; x_wconf 87' lang='lat' dir='ltr'>conclusi</span> <span class='ocrx_word' id='word_1_57' title='bbox 1186 1134 1218 1198; x_wconf 90' lang='lat' dir='ltr'>in</span> <span class='ocrx_word' id='word_1_58' title='bbox 1249 1136 1396 1200; x_wconf 90' lang='lat' dir='ltr'>cavernis</span> 
     </span>
     <span class='ocr_line' id='line_1_9' title="bbox 245 1237 1395 1323; baseline 0.007 -29"><span class='ocrx_word' id='word_1_59' title='bbox 245 1243 392 1316; x_wconf 91' lang='lat' dir='ltr'>tempore</span> <span class='ocrx_word' id='word_1_60' title='bbox 414 1239 539 1301; x_wconf 89' lang='lat' dir='ltr'>aestivo</span> <span class='ocrx_word' id='word_1_61' title='bbox 548 1238 570 1302; x_wconf 81' lang='lat'>⁷.</span> <span class='ocrx_word' id='word_1_62' title='bbox 625 1238 674 1303; x_wconf 83' lang='lat' dir='ltr'>At</span> <span class='ocrx_word' id='word_1_63' title='bbox 697 1241 740 1303; x_wconf 92' lang='lat' dir='ltr'>de</span> <span class='ocrx_word' id='word_1_64' title='bbox 762 1247 837 1304; x_wconf 76' lang='lat' dir='ltr'>aere</span> <span class='ocrx_word' id='word_1_65' title='bbox 864 1239 1018 1304; x_wconf 89' lang='lat' dir='ltr'>concluso</span> <span class='ocrx_word' id='word_1_66' title='bbox 1044 1239 1179 1302; x_wconf 90' lang='lat' dir='ltr'>omnino</span> <span class='ocrx_word' id='word_1_67' title='bbox 1204 1237 1395 1323; x_wconf 89' lang='lat' dir='ltr'>diligentius</span> 
     </span>
     <span class='ocr_line' id='line_1_10' title="bbox 244 1337 1394 1427; baseline 0.007 -29"><span class='ocrx_word' id='word_1_68' title='bbox 244 1337 480 1420; x_wconf 92' lang='lat' dir='ltr'>inquirendum.</span> <span class='ocrx_word' id='word_1_69' title='bbox 526 1342 637 1407; x_wconf 91' lang='lat' dir='ltr'>Primo</span> <span class='ocrx_word' id='word_1_70' title='bbox 652 1344 740 1407; x_wconf 92' lang='lat' dir='ltr'>enim</span> <span class='ocrx_word' id='word_1_71' title='bbox 757 1364 822 1408; x_wconf 94' lang='lat' dir='ltr'>non</span> <span class='ocrx_word' id='word_1_72' title='bbox 840 1345 967 1427; x_wconf 89' lang='lat' dir='ltr'>absque</span> <span class='ocrx_word' id='word_1_73' title='bbox 981 1363 1078 1408; x_wconf 91' lang='lat' dir='ltr'>causa</span> <span class='ocrx_word' id='word_1_74' title='bbox 1099 1343 1133 1406; x_wconf 90' lang='lat' dir='ltr'>in</span> <span class='ocrx_word' id='word_1_75' title='bbox 1152 1342 1394 1406; x_wconf 87' lang='lat' dir='ltr'>dubitationem</span> 
     </span>
     <span class='ocr_line' id='line_1_11' title="bbox 243 1443 1394 1531; baseline 0.005 -28"><span class='ocrx_word' id='word_1_76' title='bbox 243 1443 342 1517; x_wconf 91' lang='lat' dir='ltr'>venit,</span> <span class='ocrx_word' id='word_1_77' title='bbox 357 1444 463 1524; x_wconf 92' lang='lat' dir='ltr'>qualis</span> <span class='ocrx_word' id='word_1_78' title='bbox 481 1447 524 1509; x_wconf 91' lang='lat' dir='ltr'>sit</span> <span class='ocrx_word' id='word_1_79' title='bbox 544 1456 660 1511; x_wconf 90' lang='lat' dir='ltr'>natura</span> <span class='ocrx_word' id='word_1_80' title='bbox 676 1449 760 1512; x_wconf 75' lang='lat' dir='ltr'>aeris</span> <span class='ocrx_word' id='word_1_81' title='bbox 779 1459 940 1531; x_wconf 92' lang='lat' dir='ltr'>quatenus</span> <span class='ocrx_word' id='word_1_82' title='bbox 959 1449 1002 1511; x_wconf 90' lang='lat' dir='ltr'>ad</span> <span class='ocrx_word' id='word_1_83' title='bbox 1023 1446 1167 1512; x_wconf 90' lang='lat' dir='ltr'>calidum</span> <span class='ocrx_word' id='word_1_84' title='bbox 1186 1456 1220 1510; x_wconf 93' lang='lat' dir='ltr'>et</span> <span class='ocrx_word' id='word_1_85' title='bbox 1240 1445 1394 1529; x_wconf 90' lang='lat' dir='ltr'>frigidum</span> 
     </span>
     <span class='ocr_line' id='line_1_12' title="bbox 245 1546 1395 1634; baseline 0.007 -28"><span class='ocrx_word' id='word_1_86' title='bbox 245 1546 277 1608; x_wconf 90' lang='lat' dir='ltr'>in</span> <span class='ocrx_word' id='word_1_87' title='bbox 300 1556 415 1611; x_wconf 88' lang='lat' dir='ltr'>natura</span> <span class='ocrx_word' id='word_1_88' title='bbox 438 1569 496 1612; x_wconf 91' lang='lat' dir='ltr'>sua</span> <span class='ocrx_word' id='word_1_89' title='bbox 518 1551 660 1634; x_wconf 91' lang='lat' dir='ltr'>propria.</span> <span class='ocrx_word' id='word_1_90' title='bbox 708 1552 839 1634; x_wconf 87' lang='lat' dir='ltr'>Recipit</span> <span class='ocrx_word' id='word_1_91' title='bbox 862 1552 950 1615; x_wconf 90' lang='lat' dir='ltr'>enim</span> <span class='ocrx_word' id='word_1_92' title='bbox 976 1571 1033 1614; x_wconf 90' lang='lat' dir='ltr'>aer</span> <span class='ocrx_word' id='word_1_93' title='bbox 1054 1551 1197 1614; x_wconf 91' lang='lat' dir='ltr'>calidum</span> <span class='ocrx_word' id='word_1_94' title='bbox 1221 1550 1395 1615; x_wconf 90' lang='lat' dir='ltr'>manifesto</span> 
     </span>
     <span class='ocr_line' id='line_1_13' title="bbox 244 1651 1394 1740; baseline 0.005 -29"><span class='ocrx_word' id='word_1_95' title='bbox 244 1670 288 1712; x_wconf 89' lang='lat' dir='ltr'>ex</span> <span class='ocrx_word' id='word_1_96' title='bbox 309 1651 523 1734; x_wconf 86' lang='lat' dir='ltr'>impressione</span> <span class='ocrx_word' id='word_1_97' title='bbox 542 1656 754 1732; x_wconf 82' lang='lat' dir='ltr'>coelestium3</span> <span class='ocrx_word' id='word_1_98' title='bbox 777 1657 932 1740; x_wconf 89' lang='lat' dir='ltr'>frigidum</span> <span class='ocrx_word' id='word_1_99' title='bbox 954 1665 1064 1719; x_wconf 92' lang='lat' dir='ltr'>autem</span> <span class='ocrx_word' id='word_1_100' title='bbox 1083 1656 1221 1719; x_wconf 88' lang='lat' dir='ltr'>sortasse</span> <span class='ocrx_word' id='word_1_101' title='bbox 1241 1655 1283 1718; x_wconf 91' lang='lat' dir='ltr'>ab</span> <span class='ocrx_word' id='word_1_102' title='bbox 1301 1655 1394 1738; x_wconf 84' lang='lat' dir='ltr'>expi-</span> 
     </span>
     <span class='ocr_line' id='line_1_14' title="bbox 245 1754 1395 1845; baseline 0.005 -29"><span class='ocrx_word' id='word_1_103' title='bbox 245 1754 370 1818; x_wconf 89' lang='lat' dir='ltr'>ratione</span> <span class='ocrx_word' id='word_1_104' title='bbox 385 1765 491 1821; x_wconf 90' lang='lat' dir='ltr'>terrae</span> <span class='ocrx_word' id='word_1_105' title='bbox 504 1781 511 1832; x_wconf 95' lang='lat'>;</span> <span class='ocrx_word' id='word_1_106' title='bbox 533 1767 567 1822; x_wconf 88' lang='lat' dir='ltr'>et</span> <span class='ocrx_word' id='word_1_107' title='bbox 584 1780 694 1824; x_wconf 91' lang='lat' dir='ltr'>rursus</span> <span class='ocrx_word' id='word_1_108' title='bbox 711 1762 742 1824; x_wconf 91' lang='lat' dir='ltr'>in</span> <span class='ocrx_word' id='word_1_109' title='bbox 760 1762 870 1826; x_wconf 91' lang='lat' dir='ltr'>media</span> <span class='ocrx_word' id='word_1_110' title='bbox 885 1757 999 1844; x_wconf 91' lang='lat' dir='ltr'>(quam</span> <span class='ocrx_word' id='word_1_111' title='bbox 1014 1755 1147 1845; x_wconf 90' lang='lat' dir='ltr'>vocant)</span> <span class='ocrx_word' id='word_1_112' title='bbox 1163 1759 1297 1840; x_wconf 85' lang='lat' dir='ltr'>regione</span> <span class='ocrx_word' id='word_1_113' title='bbox 1311 1759 1395 1822; x_wconf 81' lang='lat' dir='ltr'>aeris</span> 
     </span>
     <span class='ocr_line' id='line_1_15' title="bbox 243 1860 1394 1946; baseline 0.006 -27"><span class='ocrx_word' id='word_1_114' title='bbox 243 1879 263 1920; x_wconf 93' lang='lat' dir='ltr'>a</span> <span class='ocrx_word' id='word_1_115' title='bbox 279 1860 452 1942; x_wconf 90' lang='lat' dir='ltr'>vaporibus</span> <span class='ocrx_word' id='word_1_116' title='bbox 468 1862 593 1946; x_wconf 82' lang='lat' dir='ltr'>frigidis</span> <span class='ocrx_word' id='word_1_117' title='bbox 609 1874 642 1927; x_wconf 92' lang='lat' dir='ltr'>et</span> <span class='ocrx_word' id='word_1_118' title='bbox 657 1865 805 1929; x_wconf 88' lang='lat' dir='ltr'>nivibus:</span> <span class='ocrx_word' id='word_1_119' title='bbox 829 1874 866 1927; x_wconf 92' lang='lat' dir='ltr'>ut</span> <span class='ocrx_word' id='word_1_120' title='bbox 883 1863 1009 1927; x_wconf 91' lang='lat' dir='ltr'>nullum</span> <span class='ocrx_word' id='word_1_121' title='bbox 1025 1863 1186 1945; x_wconf 89' lang='lat' dir='ltr'>judicium</span> <span class='ocrx_word' id='word_1_122' title='bbox 1205 1861 1274 1926; x_wconf 84' lang='lat' dir='ltr'>fieri</span> <span class='ocrx_word' id='word_1_123' title='bbox 1292 1863 1394 1946; x_wconf 91' lang='lat' dir='ltr'>possit</span> 
     </span>
     <span class='ocr_line' id='line_1_16' title="bbox 244 1964 1395 2052; baseline 0.002 -25"><span class='ocrx_word' id='word_1_124' title='bbox 244 1965 285 2027; x_wconf 93' lang='lat' dir='ltr'>de</span> <span class='ocrx_word' id='word_1_125' title='bbox 300 1964 384 2026; x_wconf 74' lang='lat' dir='ltr'>aeris</span> <span class='ocrx_word' id='word_1_126' title='bbox 402 1976 520 2031; x_wconf 89' lang='lat' dir='ltr'>natura</span> <span class='ocrx_word' id='word_1_127' title='bbox 539 1988 598 2050; x_wconf 89' lang='lat' dir='ltr'>per</span> <span class='ocrx_word' id='word_1_128' title='bbox 618 1974 727 2032; x_wconf 75' lang='lat' dir='ltr'>aerem</span> <span class='ocrx_word' id='word_1_129' title='bbox 749 1969 805 2052; x_wconf 92' lang='lat' dir='ltr'>qui</span> <span class='ocrx_word' id='word_1_130' title='bbox 827 1968 913 2032; x_wconf 89' lang='lat' dir='ltr'>foras</span> <span class='ocrx_word' id='word_1_131' title='bbox 931 1977 981 2032; x_wconf 93' lang='lat' dir='ltr'>est</span> <span class='ocrx_word' id='word_1_132' title='bbox 999 1977 1033 2031; x_wconf 91' lang='lat' dir='ltr'>et</span> <span class='ocrx_word' id='word_1_133' title='bbox 1051 1967 1113 2032; x_wconf 94' lang='lat' dir='ltr'>sub</span> <span class='ocrx_word' id='word_1_134' title='bbox 1131 1967 1196 2042; x_wconf 91' lang='lat' dir='ltr'>dio,</span> <span class='ocrx_word' id='word_1_135' title='bbox 1211 1967 1269 2032; x_wconf 91' lang='lat' dir='ltr'>sed</span> <span class='ocrx_word' id='word_1_136' title='bbox 1288 1967 1395 2030; x_wconf 90' lang='lat' dir='ltr'>verius</span> 
     </span>
     <span class='ocr_line' id='line_1_17' title="bbox 245 2066 1393 2155; baseline 0.003 -25"><span class='ocrx_word' id='word_1_137' title='bbox 245 2066 327 2130; x_wconf 89' lang='lat' dir='ltr'>foret</span> <span class='ocrx_word' id='word_1_138' title='bbox 345 2067 505 2148; x_wconf 88' lang='lat' dir='ltr'>judicium</span> <span class='ocrx_word' id='word_1_139' title='bbox 528 2092 588 2154; x_wconf 90' lang='lat' dir='ltr'>per</span> <span class='ocrx_word' id='word_1_140' title='bbox 608 2079 719 2136; x_wconf 75' lang='lat' dir='ltr'>aerem</span> <span class='ocrx_word' id='word_1_141' title='bbox 742 2072 940 2136; x_wconf 91' lang='lat' dir='ltr'>conclusum.</span> <span class='ocrx_word' id='word_1_142' title='bbox 986 2071 1092 2154; x_wconf 86' lang='lat' dir='ltr'>Atqui</span> <span class='ocrx_word' id='word_1_143' title='bbox 1116 2090 1200 2155; x_wconf 90' lang='lat' dir='ltr'>opus</span> <span class='ocrx_word' id='word_1_144' title='bbox 1223 2080 1274 2134; x_wconf 91' lang='lat' dir='ltr'>est</span> <span class='ocrx_word' id='word_1_145' title='bbox 1293 2071 1393 2134; x_wconf 92' lang='lat' dir='ltr'>etiam</span> 
     </span>
     <span class='ocr_line' id='line_1_18' title="bbox 244 2173 1394 2258; baseline 0.003 -25"><span class='ocrx_word' id='word_1_146' title='bbox 244 2181 280 2233; x_wconf 89' lang='lat' dir='ltr'>ut</span> <span class='ocrx_word' id='word_1_147' title='bbox 303 2179 358 2235; x_wconf 71' lang='lat' dir='ltr'>atr</span> <span class='ocrx_word' id='word_1_148' title='bbox 379 2173 595 2239; x_wconf 90' lang='lat' dir='ltr'>concludatur</span> <span class='ocrx_word' id='word_1_149' title='bbox 615 2177 647 2239; x_wconf 91' lang='lat' dir='ltr'>in</span> <span class='ocrx_word' id='word_1_150' title='bbox 669 2175 729 2240; x_wconf 93' lang='lat' dir='ltr'>tali</span> <span class='ocrx_word' id='word_1_151' title='bbox 746 2198 824 2240; x_wconf 91' lang='lat' dir='ltr'>vase</span> <span class='ocrx_word' id='word_1_152' title='bbox 843 2186 876 2240; x_wconf 92' lang='lat' dir='ltr'>et</span> <span class='ocrx_word' id='word_1_153' title='bbox 900 2175 1037 2240; x_wconf 92' lang='lat' dir='ltr'>materia</span> <span class='ocrx_word' id='word_1_154' title='bbox 1056 2194 1142 2258; x_wconf 93' lang='lat' dir='ltr'>quae</span> <span class='ocrx_word' id='word_1_155' title='bbox 1165 2193 1224 2237; x_wconf 90' lang='lat' dir='ltr'>nec</span> <span class='ocrx_word' id='word_1_156' title='bbox 1245 2175 1316 2256; x_wconf 91' lang='lat' dir='ltr'>ipsa</span> <span class='ocrx_word' id='word_1_157' title='bbox 1334 2174 1394 2236; x_wconf 91' lang='lat' dir='ltr'>im·</span> 
     </span>
     <span class='ocr_line' id='line_1_19' title="bbox 244 2275 1394 2364; baseline 0.003 -26"><span class='ocrx_word' id='word_1_158' title='bbox 244 2276 323 2339; x_wconf 89' lang='lat' dir='ltr'>buat</span> <span class='ocrx_word' id='word_1_159' title='bbox 339 2283 449 2340; x_wconf 72' lang='lat' dir='ltr'>aerem</span> <span class='ocrx_word' id='word_1_160' title='bbox 466 2277 573 2343; x_wconf 89' lang='lat' dir='ltr'>calido</span> <span class='ocrx_word' id='word_1_161' title='bbox 588 2278 641 2344; x_wconf 91' lang='lat' dir='ltr'>vel</span> <span class='ocrx_word' id='word_1_162' title='bbox 657 2280 775 2364; x_wconf 90' lang='lat' dir='ltr'>frigido</span> <span class='ocrx_word' id='word_1_163' title='bbox 790 2301 834 2343; x_wconf 86' lang='lat' dir='ltr'>ex</span> <span class='ocrx_word' id='word_1_164' title='bbox 849 2281 880 2343; x_wconf 90' lang='lat' dir='ltr'>vi</span> <span class='ocrx_word' id='word_1_165' title='bbox 896 2280 1038 2364; x_wconf 89' lang='lat' dir='ltr'>propria,</span> <span class='ocrx_word' id='word_1_166' title='bbox 1053 2297 1113 2342; x_wconf 91' lang='lat' dir='ltr'>nec</span> <span class='ocrx_word' id='word_1_167' title='bbox 1131 2275 1225 2342; x_wconf 91' lang='lat' dir='ltr'>facile</span> <span class='ocrx_word' id='word_1_168' title='bbox 1239 2278 1394 2343; x_wconf 90' lang='lat' dir='ltr'>admittat</span> 
     </span>
     <span class='ocr_line' id='line_1_20' title="bbox 243 2379 1394 2467; baseline 0.003 -26"><span class='ocrx_word' id='word_1_169' title='bbox 243 2379 309 2442; x_wconf 89' lang='lat' dir='ltr'>vim</span> <span class='ocrx_word' id='word_1_170' title='bbox 324 2383 407 2444; x_wconf 72' lang='lat' dir='ltr'>aeris</span> <span class='ocrx_word' id='word_1_171' title='bbox 422 2383 581 2447; x_wconf 87' lang='lat' dir='ltr'>extranei.</span> <span class='ocrx_word' id='word_1_172' title='bbox 626 2384 701 2448; x_wconf 91' lang='lat' dir='ltr'>Fiat</span> <span class='ocrx_word' id='word_1_173' title='bbox 717 2386 828 2467; x_wconf 91' lang='lat' dir='ltr'>itaque</span> <span class='ocrx_word' id='word_1_174' title='bbox 842 2384 1105 2467; x_wconf 83' lang='lat' dir='ltr'>experimentum</span> <span class='ocrx_word' id='word_1_175' title='bbox 1122 2401 1180 2466; x_wconf 91' lang='lat' dir='ltr'>per</span> <span class='ocrx_word' id='word_1_176' title='bbox 1195 2381 1295 2444; x_wconf 88' lang='lat' dir='ltr'>ollam</span> <span class='ocrx_word' id='word_1_177' title='bbox 1311 2379 1394 2462; x_wconf 87' lang='lat' dir='ltr'>figu-</span> 
     </span>
     <span class='ocr_line' id='line_1_21' title="bbox 243 2481 1393 2570; baseline 0.003 -26"><span class='ocrx_word' id='word_1_178' title='bbox 243 2481 344 2546; x_wconf 91' lang='lat' dir='ltr'>larem</span> <span class='ocrx_word' id='word_1_179' title='bbox 361 2485 533 2570; x_wconf 90' lang='lat' dir='ltr'>multiplici</span> <span class='ocrx_word' id='word_1_180' title='bbox 550 2487 640 2552; x_wconf 92' lang='lat' dir='ltr'>corio</span> <span class='ocrx_word' id='word_1_181' title='bbox 655 2489 834 2552; x_wconf 90' lang='lat' dir='ltr'>obductam</span> <span class='ocrx_word' id='word_1_182' title='bbox 850 2488 892 2551; x_wconf 91' lang='lat' dir='ltr'>ad</span> <span class='ocrx_word' id='word_1_183' title='bbox 910 2485 1122 2550; x_wconf 89' lang='lat' dir='ltr'>muniendam</span> <span class='ocrx_word' id='word_1_184' title='bbox 1138 2484 1243 2567; x_wconf 90' lang='lat' dir='ltr'>ipsam</span> <span class='ocrx_word' id='word_1_185' title='bbox 1260 2485 1303 2547; x_wconf 91' lang='lat' dir='ltr'>ab</span> <span class='ocrx_word' id='word_1_186' title='bbox 1320 2491 1393 2548; x_wconf 72' lang='lat' dir='ltr'>aere</span> 
     </span>
     <span class='ocr_line' id='line_1_22' title="bbox 243 2588 1393 2676; baseline 0 -26"><span class='ocrx_word' id='word_1_187' title='bbox 243 2597 411 2664; x_wconf 88' lang='lat' dir='ltr'>extraneo,</span> <span class='ocrx_word' id='word_1_188' title='bbox 429 2590 516 2654; x_wconf 90' lang='lat' dir='ltr'>facta</span> <span class='ocrx_word' id='word_1_189' title='bbox 539 2612 632 2656; x_wconf 93' lang='lat' dir='ltr'>mora</span> <span class='ocrx_word' id='word_1_190' title='bbox 654 2601 713 2676; x_wconf 87' lang='lat' dir='ltr'>per</span> <span class='ocrx_word' id='word_1_191' title='bbox 736 2603 803 2656; x_wconf 90' lang='lat' dir='ltr'>tres</span> <span class='ocrx_word' id='word_1_192' title='bbox 824 2601 883 2656; x_wconf 89' lang='lat' dir='ltr'>aut</span> <span class='ocrx_word' id='word_1_193' title='bbox 903 2600 1045 2675; x_wconf 91' lang='lat' dir='ltr'>quatuor</span> <span class='ocrx_word' id='word_1_194' title='bbox 1066 2589 1137 2654; x_wconf 91' lang='lat' dir='ltr'>dies</span> <span class='ocrx_word' id='word_1_195' title='bbox 1160 2589 1192 2652; x_wconf 92' lang='lat' dir='ltr'>in</span> <span class='ocrx_word' id='word_1_196' title='bbox 1211 2608 1288 2652; x_wconf 84' lang='lat' dir='ltr'>vase</span> <span class='ocrx_word' id='word_1_197' title='bbox 1310 2588 1393 2651; x_wconf 89' lang='lat' dir='ltr'>bene</span> 
     </span>
     <span class='ocr_line' id='line_1_23' title="bbox 244 2690 1393 2780; baseline 0 -26"><span class='ocrx_word' id='word_1_198' title='bbox 244 2691 395 2768; x_wconf 91' lang='lat' dir='ltr'>occluso;</span> <span class='ocrx_word' id='word_1_199' title='bbox 417 2695 635 2778; x_wconf 89' lang='lat' dir='ltr'>deprehensio</span> <span class='ocrx_word' id='word_1_200' title='bbox 653 2705 766 2761; x_wconf 90' lang='lat' dir='ltr'>autem</span> <span class='ocrx_word' id='word_1_201' title='bbox 787 2698 829 2761; x_wconf 92' lang='lat' dir='ltr'>sit</span> <span class='ocrx_word' id='word_1_202' title='bbox 847 2706 923 2780; x_wconf 92' lang='lat' dir='ltr'>post</span> <span class='ocrx_word' id='word_1_203' title='bbox 942 2694 1144 2776; x_wconf 87' lang='lat' dir='ltr'>apertionem</span> <span class='ocrx_word' id='word_1_204' title='bbox 1163 2691 1250 2756; x_wconf 88' lang='lat' dir='ltr'>vasis</span> <span class='ocrx_word' id='word_1_205' title='bbox 1268 2690 1320 2755; x_wconf 91' lang='lat' dir='ltr'>vel</span> <span class='ocrx_word' id='word_1_206' title='bbox 1335 2711 1393 2774; x_wconf 90' lang='lat' dir='ltr'>per</span> 
     </span>
     <span class='ocr_line' id='line_1_24' title="bbox 244 2797 1215 2883; baseline -0.001 -24"><span class='ocrx_word' id='word_1_207' title='bbox 244 2815 378 2860; x_wconf 89' lang='lat' dir='ltr'>manum</span> <span class='ocrx_word' id='word_1_208' title='bbox 394 2798 446 2862; x_wconf 92' lang='lat' dir='ltr'>vel</span> <span class='ocrx_word' id='word_1_209' title='bbox 461 2819 519 2881; x_wconf 91' lang='lat' dir='ltr'>per</span> <span class='ocrx_word' id='word_1_210' title='bbox 533 2799 654 2863; x_wconf 90' lang='lat' dir='ltr'>vitrum</span> <span class='ocrx_word' id='word_1_211' title='bbox 669 2799 855 2883; x_wconf 84' lang='lat' dir='ltr'>graduum⁸</span> <span class='ocrx_word' id='word_1_212' title='bbox 875 2800 990 2864; x_wconf 90' lang='lat' dir='ltr'>ordine</span> <span class='ocrx_word' id='word_1_213' title='bbox 1005 2797 1215 2882; x_wconf 90' lang='lat' dir='ltr'>applicatum.</span> 
     </span>
    </p>
   </div>
   <div class='ocr_carea' id='block_1_3' title="bbox 242 3035 1394 4514">
    <p class='ocr_par' dir='ltr' id='par_1_4' title="bbox 242 3035 1393 3442">
     <span class='ocr_line' id='line_1_25' title="bbox 244 3035 1393 3112; baseline -0.001 -22"><span class='ocrx_word' id='word_1_214' title='bbox 244 3047 346 3091; x_wconf 89' lang='lat' dir='ltr'>cannot</span> <span class='ocrx_word' id='word_1_215' title='bbox 365 3055 450 3092; x_wconf 91' lang='lat' dir='ltr'>mean</span> <span class='ocrx_word' id='word_1_216' title='bbox 469 3041 570 3110; x_wconf 88' lang='lat' dir='ltr'>simply</span> <span class='ocrx_word' id='word_1_217' title='bbox 582 3040 707 3110; x_wconf 87' lang='lat' dir='ltr'>agitated</span> <span class='ocrx_word' id='word_1_218' title='bbox 724 3059 756 3096; x_wconf 89' lang='lat' dir='ltr'>or</span> <span class='ocrx_word' id='word_1_219' title='bbox 774 3051 823 3112; x_wconf 92' lang='lat' dir='ltr'>put</span> <span class='ocrx_word' id='word_1_220' title='bbox 842 3040 870 3095; x_wconf 89' lang='lat' dir='ltr'>in</span> <span class='ocrx_word' id='word_1_221' title='bbox 890 3038 1016 3106; x_wconf 88' lang='lat' dir='ltr'>motion;</span> <span class='ocrx_word' id='word_1_222' title='bbox 1037 3037 1081 3091; x_wconf 90' lang='lat' dir='ltr'>fot</span> <span class='ocrx_word' id='word_1_223' title='bbox 1098 3037 1146 3090; x_wconf 87' lang='lat' dir='ltr'>the</span> <span class='ocrx_word' id='word_1_224' title='bbox 1164 3049 1284 3106; x_wconf 87' lang='lat' dir='ltr'>passage</span> <span class='ocrx_word' id='word_1_225' title='bbox 1303 3035 1393 3089; x_wconf 84' lang='lat' dir='ltr'>would</span> 
     </span>
     <span class='ocr_line' id='line_1_26' title="bbox 243 3117 1393 3192; baseline -0.003 -18"><span class='ocrx_word' id='word_1_226' title='bbox 243 3121 311 3174; x_wconf 89' lang='lat' dir='ltr'>then</span> <span class='ocrx_word' id='word_1_227' title='bbox 334 3122 488 3177; x_wconf 87' lang='lat' dir='ltr'>contradict</span> <span class='ocrx_word' id='word_1_228' title='bbox 507 3125 581 3178; x_wconf 83' lang='lat' dir='ltr'>what</span> <span class='ocrx_word' id='word_1_229' title='bbox 601 3125 624 3178; x_wconf 94' lang='lat' dir='ltr'>is</span> <span class='ocrx_word' id='word_1_230' title='bbox 647 3125 709 3179; x_wconf 91' lang='lat' dir='ltr'>said</span> <span class='ocrx_word' id='word_1_231' title='bbox 729 3125 759 3178; x_wconf 89' lang='lat' dir='ltr'>in</span> <span class='ocrx_word' id='word_1_232' title='bbox 783 3126 852 3178; x_wconf 89' lang='lat' dir='ltr'>lust.</span> <span class='ocrx_word' id='word_1_233' title='bbox 871 3138 914 3190; x_wconf 86' lang='lat'>22,</span> <span class='ocrx_word' id='word_1_234' title='bbox 931 3139 959 3192; x_wconf 90' lang='lat' dir='ltr'>q.</span> <span class='ocrx_word' id='word_1_235' title='bbox 971 3140 996 3175; x_wconf 85' lang='lat' dir='ltr'>v.</span> <span class='ocrx_word' id='word_1_236' title='bbox 1035 3123 1131 3174; x_wconf 87' lang='lat' dir='ltr'>Bacon</span> <span class='ocrx_word' id='word_1_237' title='bbox 1153 3134 1218 3184; x_wconf 86' lang='lat' dir='ltr'>was,</span> <span class='ocrx_word' id='word_1_238' title='bbox 1238 3117 1269 3172; x_wconf 85' lang='lat' dir='ltr'>of</span> <span class='ocrx_word' id='word_1_239' title='bbox 1287 3135 1393 3182; x_wconf 87' lang='lat' dir='ltr'>course,</span> 
     </span>
     <span class='ocr_line' id='line_1_27' title="bbox 244 3201 1393 3278; baseline -0.003 -20"><span class='ocrx_word' id='word_1_240' title='bbox 244 3205 383 3259; x_wconf 87' lang='lat' dir='ltr'>mistaken</span> <span class='ocrx_word' id='word_1_241' title='bbox 400 3204 429 3259; x_wconf 92' lang='lat' dir='ltr'>in</span> <span class='ocrx_word' id='word_1_242' title='bbox 448 3208 602 3278; x_wconf 87' lang='lat' dir='ltr'>supposing</span> <span class='ocrx_word' id='word_1_243' title='bbox 619 3208 709 3263; x_wconf 90' lang='lat' dir='ltr'>either</span> <span class='ocrx_word' id='word_1_244' title='bbox 725 3209 786 3263; x_wconf 90' lang='lat' dir='ltr'>that</span> <span class='ocrx_word' id='word_1_245' title='bbox 804 3225 860 3276; x_wconf 88' lang='lat' dir='ltr'>any</span> <span class='ocrx_word' id='word_1_246' title='bbox 876 3206 982 3261; x_wconf 90' lang='lat' dir='ltr'>motion</span> <span class='ocrx_word' id='word_1_247' title='bbox 1000 3204 1082 3259; x_wconf 91' lang='lat' dir='ltr'>could</span> <span class='ocrx_word' id='word_1_248' title='bbox 1100 3203 1166 3257; x_wconf 87' lang='lat' dir='ltr'>take</span> <span class='ocrx_word' id='word_1_249' title='bbox 1182 3202 1262 3271; x_wconf 90' lang='lat' dir='ltr'>place</span> <span class='ocrx_word' id='word_1_250' title='bbox 1279 3201 1393 3255; x_wconf 88' lang='lat' dir='ltr'>without</span> 
     </span>
     <span class='ocr_line' id='line_1_28' title="bbox 242 3284 1393 3356; baseline -0.003 -16"><span class='ocrx_word' id='word_1_251' title='bbox 242 3287 361 3354; x_wconf 88' lang='lat' dir='ltr'>friction,</span> <span class='ocrx_word' id='word_1_252' title='bbox 378 3306 411 3343; x_wconf 90' lang='lat' dir='ltr'>or</span> <span class='ocrx_word' id='word_1_253' title='bbox 424 3291 485 3344; x_wconf 88' lang='lat' dir='ltr'>that</span> <span class='ocrx_word' id='word_1_254' title='bbox 504 3291 546 3344; x_wconf 91' lang='lat' dir='ltr'>air</span> <span class='ocrx_word' id='word_1_255' title='bbox 563 3291 647 3346; x_wconf 92' lang='lat' dir='ltr'>could</span> <span class='ocrx_word' id='word_1_256' title='bbox 666 3309 747 3347; x_wconf 84' lang='lat' dir='ltr'>move</span> <span class='ocrx_word' id='word_1_257' title='bbox 766 3291 794 3345; x_wconf 91' lang='lat' dir='ltr'>in</span> <span class='ocrx_word' id='word_1_258' title='bbox 813 3307 919 3345; x_wconf 87' lang='lat' dir='ltr'>masses</span> <span class='ocrx_word' id='word_1_259' title='bbox 939 3289 1052 3343; x_wconf 86' lang='lat' dir='ltr'>without</span> <span class='ocrx_word' id='word_1_260' title='bbox 1070 3303 1125 3356; x_wconf 89' lang='lat' dir='ltr'>any</span> <span class='ocrx_word' id='word_1_261' title='bbox 1137 3284 1246 3339; x_wconf 84' lang='lat' dir='ltr'>friction</span> <span class='ocrx_word' id='word_1_262' title='bbox 1263 3295 1393 3353; x_wconf 90' lang='lat' dir='ltr'>amongst</span> 
     </span>
     <span class='ocr_line' id='line_1_29' title="bbox 244 3369 548 3442; baseline 0.02 -19"><span class='ocrx_word' id='word_1_263' title='bbox 244 3369 278 3425; x_wconf 91' lang='lat' dir='ltr'>its</span> <span class='ocrx_word' id='word_1_264' title='bbox 291 3371 396 3427; x_wconf 91' lang='lat' dir='ltr'>minute</span> <span class='ocrx_word' id='word_1_265' title='bbox 408 3374 548 3442; x_wconf 89' lang='lat' dir='ltr'>particles.</span> 
     </span>
    </p>

    <p class='ocr_par' dir='ltr' id='par_1_5' title="bbox 242 3450 1394 4110">
     <span class='ocr_line' id='line_1_30' title="bbox 279 3450 1394 3528; baseline -0.005 -18"><span class='ocrx_word' id='word_1_266' title='bbox 279 3452 289 3484; x_wconf 77' lang='lat'>²</span> <span class='ocrx_word' id='word_1_267' title='bbox 309 3457 380 3510; x_wconf 91' lang='lat' dir='ltr'>Both</span> <span class='ocrx_word' id='word_1_268' title='bbox 400 3456 456 3510; x_wconf 92' lang='lat' dir='ltr'>this</span> <span class='ocrx_word' id='word_1_269' title='bbox 474 3459 532 3512; x_wconf 91' lang='lat' dir='ltr'>and</span> <span class='ocrx_word' id='word_1_270' title='bbox 551 3460 599 3513; x_wconf 90' lang='lat' dir='ltr'>the</span> <span class='ocrx_word' id='word_1_271' title='bbox 616 3459 812 3528; x_wconf 86' lang='lat' dir='ltr'>phenomenon</span> <span class='ocrx_word' id='word_1_272' title='bbox 831 3456 944 3512; x_wconf 90' lang='lat' dir='ltr'>noticed</span> <span class='ocrx_word' id='word_1_273' title='bbox 963 3455 991 3510; x_wconf 89' lang='lat' dir='ltr'>in</span> <span class='ocrx_word' id='word_1_274' title='bbox 1012 3457 1080 3509; x_wconf 85' lang='lat' dir='ltr'>lust.</span> <span class='ocrx_word' id='word_1_275' title='bbox 1102 3466 1134 3508; x_wconf 84' lang='lat'>12</span> <span class='ocrx_word' id='word_1_276' title='bbox 1155 3450 1188 3506; x_wconf 95' lang='lat' dir='ltr'>of</span> <span class='ocrx_word' id='word_1_277' title='bbox 1198 3450 1274 3521; x_wconf 86' lang='lat' dir='ltr'>Aph.</span> <span class='ocrx_word' id='word_1_278' title='bbox 1296 3464 1325 3503; x_wconf 86' lang='lat'>11</span> <span class='ocrx_word' id='word_1_279' title='bbox 1346 3466 1394 3504; x_wconf 88' lang='lat' dir='ltr'>are</span> 
     </span>
     <span class='ocr_line' id='line_1_31' title="bbox 244 3533 1393 3608; baseline -0.007 -15"><span class='ocrx_word' id='word_1_280' title='bbox 244 3539 329 3608; x_wconf 88' lang='lat' dir='ltr'>really</span> <span class='ocrx_word' id='word_1_281' title='bbox 341 3540 395 3594; x_wconf 90' lang='lat' dir='ltr'>due</span> <span class='ocrx_word' id='word_1_282' title='bbox 408 3549 437 3593; x_wconf 93' lang='lat' dir='ltr'>to</span> <span class='ocrx_word' id='word_1_283' title='bbox 450 3541 498 3596; x_wconf 91' lang='lat' dir='ltr'>the</span> <span class='ocrx_word' id='word_1_284' title='bbox 512 3559 590 3596; x_wconf 88' lang='lat' dir='ltr'>same</span> <span class='ocrx_word' id='word_1_285' title='bbox 605 3559 696 3597; x_wconf 87' lang='lat' dir='ltr'>cause.</span> <span class='ocrx_word' id='word_1_286' title='bbox 734 3542 784 3596; x_wconf 81' lang='lat' dir='ltr'>Air</span> <span class='ocrx_word' id='word_1_287' title='bbox 797 3541 821 3596; x_wconf 89' lang='lat' dir='ltr'>is</span> <span class='ocrx_word' id='word_1_288' title='bbox 834 3541 921 3594; x_wconf 92' lang='lat' dir='ltr'>abad</span> <span class='ocrx_word' id='word_1_289' title='bbox 934 3539 1087 3594; x_wconf 91' lang='lat' dir='ltr'>conductor</span> <span class='ocrx_word' id='word_1_290' title='bbox 1099 3536 1130 3590; x_wconf 92' lang='lat' dir='ltr'>of</span> <span class='ocrx_word' id='word_1_291' title='bbox 1138 3536 1213 3601; x_wconf 86' lang='lat' dir='ltr'>heat,</span> <span class='ocrx_word' id='word_1_292' title='bbox 1225 3533 1282 3588; x_wconf 87' lang='lat' dir='ltr'>and</span> <span class='ocrx_word' id='word_1_293' title='bbox 1296 3533 1393 3601; x_wconf 88' lang='lat' dir='ltr'>hence,</span> 
     </span>
     <span class='ocr_line' id='line_1_32' title="bbox 243 3615 1394 3694; baseline -0.006 -18"><span class='ocrx_word' id='word_1_294' title='bbox 243 3637 275 3676; x_wconf 91' lang='lat' dir='ltr'>as</span> <span class='ocrx_word' id='word_1_295' title='bbox 294 3624 344 3677; x_wconf 92' lang='lat' dir='ltr'>Dr.</span> <span class='ocrx_word' id='word_1_296' title='bbox 359 3623 475 3679; x_wconf 90' lang='lat' dir='ltr'>Kitchin</span> <span class='ocrx_word' id='word_1_297' title='bbox 493 3642 567 3694; x_wconf 87' lang='lat' dir='ltr'>says,</span> <span class='ocrx_word' id='word_1_298' title='bbox 582 3625 618 3680; x_wconf 80' lang='lat' dir='ltr'>‘it</span> <span class='ocrx_word' id='word_1_299' title='bbox 636 3625 758 3680; x_wconf 88' lang='lat' dir='ltr'>receives</span> <span class='ocrx_word' id='word_1_300' title='bbox 776 3624 797 3678; x_wconf 92' lang='lat' dir='ltr'>it</span> <span class='ocrx_word' id='word_1_301' title='bbox 816 3625 912 3693; x_wconf 91' lang='lat' dir='ltr'>slowly</span> <span class='ocrx_word' id='word_1_302' title='bbox 924 3622 982 3678; x_wconf 88' lang='lat' dir='ltr'>and</span> <span class='ocrx_word' id='word_1_303' title='bbox 999 3620 1103 3676; x_wconf 89' lang='lat' dir='ltr'>retains</span> <span class='ocrx_word' id='word_1_304' title='bbox 1121 3617 1141 3672; x_wconf 92' lang='lat' dir='ltr'>it</span> <span class='ocrx_word' id='word_1_305' title='bbox 1156 3619 1238 3686; x_wconf 66' lang='lat' dir='ltr'>long!</span> <span class='ocrx_word' id='word_1_306' title='bbox 1274 3617 1336 3670; x_wconf 89' lang='lat' dir='ltr'>The</span> <span class='ocrx_word' id='word_1_307' title='bbox 1352 3615 1394 3670; x_wconf 90' lang='lat' dir='ltr'>air</span> 
     </span>
     <span class='ocr_line' id='line_1_33' title="bbox 244 3699 1394 3779; baseline -0.005 -21"><span class='ocrx_word' id='word_1_308' title='bbox 244 3704 339 3760; x_wconf 89' lang='lat' dir='ltr'>within</span> <span class='ocrx_word' id='word_1_309' title='bbox 358 3725 375 3762; x_wconf 92' lang='lat' dir='ltr'>a</span> <span class='ocrx_word' id='word_1_310' title='bbox 394 3725 496 3762; x_wconf 90' lang='lat' dir='ltr'>cavern</span> <span class='ocrx_word' id='word_1_311' title='bbox 514 3709 601 3778; x_wconf 85' lang='lat' dir='ltr'>being</span> <span class='ocrx_word' id='word_1_312' title='bbox 618 3708 839 3779; x_wconf 87' lang='lat' dir='ltr'>approximately</span> <span class='ocrx_word' id='word_1_313' title='bbox 851 3707 883 3762; x_wconf 95' lang='lat' dir='ltr'>of</span> <span class='ocrx_word' id='word_1_314' title='bbox 897 3708 946 3761; x_wconf 92' lang='lat' dir='ltr'>the</span> <span class='ocrx_word' id='word_1_315' title='bbox 963 3721 1041 3760; x_wconf 89' lang='lat' dir='ltr'>same</span> <span class='ocrx_word' id='word_1_316' title='bbox 1054 3711 1239 3772; x_wconf 88' lang='lat' dir='ltr'>temperature</span> <span class='ocrx_word' id='word_1_317' title='bbox 1257 3699 1284 3753; x_wconf 89' lang='lat' dir='ltr'>in</span> <span class='ocrx_word' id='word_1_318' title='bbox 1298 3700 1394 3753; x_wconf 87' lang='lat' dir='ltr'>winter</span> 
     </span>
     <span class='ocr_line' id='line_1_34' title="bbox 244 3785 1393 3862; baseline -0.006 -20"><span class='ocrx_word' id='word_1_319' title='bbox 244 3790 299 3843; x_wconf 87' lang='lat' dir='ltr'>and</span> <span class='ocrx_word' id='word_1_320' title='bbox 314 3807 445 3860; x_wconf 88' lang='lat' dir='ltr'>summer,</span> <span class='ocrx_word' id='word_1_321' title='bbox 456 3809 556 3856; x_wconf 76' lang='lat' dir='ltr'>seems,</span> <span class='ocrx_word' id='word_1_322' title='bbox 567 3809 600 3846; x_wconf 93' lang='lat' dir='ltr'>as</span> <span class='ocrx_word' id='word_1_323' title='bbox 612 3793 764 3862; x_wconf 88' lang='lat' dir='ltr'>compared</span> <span class='ocrx_word' id='word_1_324' title='bbox 778 3791 844 3845; x_wconf 90' lang='lat' dir='ltr'>with</span> <span class='ocrx_word' id='word_1_325' title='bbox 857 3791 904 3845; x_wconf 90' lang='lat' dir='ltr'>the</span> <span class='ocrx_word' id='word_1_326' title='bbox 916 3799 996 3844; x_wconf 90' lang='lat' dir='ltr'>outer</span> <span class='ocrx_word' id='word_1_327' title='bbox 1007 3787 1056 3854; x_wconf 89' lang='lat' dir='ltr'>air,</span> <span class='ocrx_word' id='word_1_328' title='bbox 1067 3787 1115 3840; x_wconf 95' lang='lat' dir='ltr'>hot</span> <span class='ocrx_word' id='word_1_329' title='bbox 1127 3795 1156 3839; x_wconf 91' lang='lat' dir='ltr'>at</span> <span class='ocrx_word' id='word_1_330' title='bbox 1169 3785 1280 3838; x_wconf 88' lang='lat' dir='ltr'>theone</span> <span class='ocrx_word' id='word_1_331' title='bbox 1292 3798 1393 3836; x_wconf 90' lang='lat' dir='ltr'>season</span> 
     </span>
     <span class='ocr_line' id='line_1_35' title="bbox 242 3864 1393 3935; baseline -0.009 -9"><span class='ocrx_word' id='word_1_332' title='bbox 242 3873 298 3926; x_wconf 91' lang='lat' dir='ltr'>and</span> <span class='ocrx_word' id='word_1_333' title='bbox 318 3874 382 3928; x_wconf 93' lang='lat' dir='ltr'>cold</span> <span class='ocrx_word' id='word_1_334' title='bbox 398 3885 427 3928; x_wconf 89' lang='lat' dir='ltr'>at</span> <span class='ocrx_word' id='word_1_335' title='bbox 447 3876 495 3929; x_wconf 90' lang='lat' dir='ltr'>the</span> <span class='ocrx_word' id='word_1_336' title='bbox 513 3876 601 3931; x_wconf 90' lang='lat' dir='ltr'>other.</span> <span class='ocrx_word' id='word_1_337' title='bbox 640 3877 665 3930; x_wconf 94' lang='lat' dir='ltr'>lt</span> <span class='ocrx_word' id='word_1_338' title='bbox 685 3876 708 3930; x_wconf 91' lang='lat' dir='ltr'>is</span> <span class='ocrx_word' id='word_1_339' title='bbox 727 3876 769 3929; x_wconf 91' lang='lat' dir='ltr'>for</span> <span class='ocrx_word' id='word_1_340' title='bbox 787 3875 835 3928; x_wconf 93' lang='lat' dir='ltr'>the</span> <span class='ocrx_word' id='word_1_341' title='bbox 854 3890 932 3928; x_wconf 89' lang='lat' dir='ltr'>same</span> <span class='ocrx_word' id='word_1_342' title='bbox 950 3886 1050 3927; x_wconf 85' lang='lat' dir='ltr'>reason</span> <span class='ocrx_word' id='word_1_343' title='bbox 1067 3870 1137 3935; x_wconf 90' lang='lat' dir='ltr'>that,</span> <span class='ocrx_word' id='word_1_344' title='bbox 1151 3868 1179 3921; x_wconf 92' lang='lat' dir='ltr'>in</span> <span class='ocrx_word' id='word_1_345' title='bbox 1193 3864 1314 3935; x_wconf 86' lang='lat' dir='ltr'>walking</span> <span class='ocrx_word' id='word_1_346' title='bbox 1326 3882 1393 3935; x_wconf 89' lang='lat' dir='ltr'>upa</span> 
     </span>
     <span class='ocr_line' id='line_1_36' title="bbox 242 3948 1393 4028; baseline -0.007 -19"><span class='ocrx_word' id='word_1_347' title='bbox 242 3957 310 4025; x_wconf 88' lang='lat' dir='ltr'>high</span> <span class='ocrx_word' id='word_1_348' title='bbox 329 3957 482 4025; x_wconf 88' lang='lat' dir='ltr'>mountain,</span> <span class='ocrx_word' id='word_1_349' title='bbox 499 3977 540 4014; x_wconf 90' lang='lat' dir='ltr'>we</span> <span class='ocrx_word' id='word_1_350' title='bbox 557 3976 623 4028; x_wconf 87' lang='lat' dir='ltr'>may</span> <span class='ocrx_word' id='word_1_351' title='bbox 641 3959 725 4014; x_wconf 85' lang='lat' dir='ltr'>suffer</span> <span class='ocrx_word' id='word_1_352' title='bbox 743 3958 880 4026; x_wconf 87' lang='lat' dir='ltr'>intensely</span> <span class='ocrx_word' id='word_1_353' title='bbox 896 3957 967 4010; x_wconf 91' lang='lat' dir='ltr'>from</span> <span class='ocrx_word' id='word_1_354' title='bbox 986 3955 1034 4009; x_wconf 90' lang='lat' dir='ltr'>the</span> <span class='ocrx_word' id='word_1_355' title='bbox 1052 3952 1129 4008; x_wconf 84' lang='lat' dir='ltr'>sun&#39;s</span> <span class='ocrx_word' id='word_1_356' title='bbox 1148 3967 1211 4019; x_wconf 90' lang='lat' dir='ltr'>rays</span> <span class='ocrx_word' id='word_1_357' title='bbox 1230 3948 1393 4015; x_wconf 90' lang='lat' dir='ltr'>over-head,</span> 
     </span>
     <span class='ocr_line' id='line_1_37' title="bbox 243 4036 1162 4110; baseline -0.007 -17"><span class='ocrx_word' id='word_1_358' title='bbox 243 4041 333 4107; x_wconf 90' lang='lat' dir='ltr'>while,</span> <span class='ocrx_word' id='word_1_359' title='bbox 346 4041 370 4094; x_wconf 91' lang='lat' dir='ltr'>if</span> <span class='ocrx_word' id='word_1_360' title='bbox 379 4059 419 4095; x_wconf 91' lang='lat' dir='ltr'>we</span> <span class='ocrx_word' id='word_1_361' title='bbox 432 4041 514 4096; x_wconf 88' lang='lat' dir='ltr'>retire</span> <span class='ocrx_word' id='word_1_362' title='bbox 526 4042 585 4098; x_wconf 91' lang='lat' dir='ltr'>into</span> <span class='ocrx_word' id='word_1_363' title='bbox 598 4044 646 4098; x_wconf 88' lang='lat' dir='ltr'>the</span> <span class='ocrx_word' id='word_1_364' title='bbox 659 4042 756 4110; x_wconf 90' lang='lat' dir='ltr'>shade,</span> <span class='ocrx_word' id='word_1_365' title='bbox 767 4058 807 4096; x_wconf 90' lang='lat' dir='ltr'>we</span> <span class='ocrx_word' id='word_1_366' title='bbox 821 4059 886 4109; x_wconf 89' lang='lat' dir='ltr'>may</span> <span class='ocrx_word' id='word_1_367' title='bbox 898 4040 934 4095; x_wconf 91' lang='lat' dir='ltr'>be</span> <span class='ocrx_word' id='word_1_368' title='bbox 948 4039 1049 4092; x_wconf 90' lang='lat' dir='ltr'>almost</span> <span class='ocrx_word' id='word_1_369' title='bbox 1062 4036 1162 4089; x_wconf 87' lang='lat' dir='ltr'>frozen.</span> 
     </span>
    </p>

    <p class='ocr_par' dir='ltr' id='par_1_6' title="bbox 242 4113 1392 4362">
     <span class='ocr_line' id='line_1_38' title="bbox 278 4113 1392 4194; baseline -0.009 -17"><span class='ocrx_word' id='word_1_370' title='bbox 278 4125 339 4179; x_wconf 88' lang='lat' dir='ltr'>Tbe</span> <span class='ocrx_word' id='word_1_371' title='bbox 358 4124 497 4194; x_wconf 84' lang='lat' dir='ltr'>following</span> <span class='ocrx_word' id='word_1_372' title='bbox 515 4125 641 4181; x_wconf 86' lang='lat' dir='ltr'>remarks</span> <span class='ocrx_word' id='word_1_373' title='bbox 660 4127 737 4181; x_wconf 87' lang='lat' dir='ltr'>show</span> <span class='ocrx_word' id='word_1_374' title='bbox 750 4125 812 4180; x_wconf 89' lang='lat' dir='ltr'>how</span> <span class='ocrx_word' id='word_1_375' title='bbox 823 4123 893 4178; x_wconf 87' lang='lat' dir='ltr'>little</span> <span class='ocrx_word' id='word_1_376' title='bbox 912 4123 1006 4176; x_wconf 89' lang='lat' dir='ltr'>Bacon</span> <span class='ocrx_word' id='word_1_377' title='bbox 1023 4121 1105 4174; x_wconf 86' lang='lat' dir='ltr'>knew</span> <span class='ocrx_word' id='word_1_378' title='bbox 1117 4117 1149 4171; x_wconf 92' lang='lat' dir='ltr'>of</span> <span class='ocrx_word' id='word_1_379' title='bbox 1159 4117 1206 4171; x_wconf 91' lang='lat' dir='ltr'>the</span> <span class='ocrx_word' id='word_1_380' title='bbox 1223 4113 1392 4170; x_wconf 89' lang='lat' dir='ltr'>conduction</span> 
     </span>
     <span class='ocr_line' id='line_1_39' title="bbox 242 4196 1392 4279; baseline -0.01 -18"><span class='ocrx_word' id='word_1_381' title='bbox 242 4207 275 4261; x_wconf 91' lang='lat' dir='ltr'>of</span> <span class='ocrx_word' id='word_1_382' title='bbox 290 4208 362 4273; x_wconf 90' lang='lat' dir='ltr'>heat,</span> <span class='ocrx_word' id='word_1_383' title='bbox 375 4225 407 4262; x_wconf 93' lang='lat' dir='ltr'>or</span> <span class='ocrx_word' id='word_1_384' title='bbox 423 4209 454 4262; x_wconf 94' lang='lat' dir='ltr'>of</span> <span class='ocrx_word' id='word_1_385' title='bbox 469 4209 517 4264; x_wconf 91' lang='lat' dir='ltr'>the</span> <span class='ocrx_word' id='word_1_386' title='bbox 535 4211 632 4279; x_wconf 88' lang='lat' dir='ltr'>purely</span> <span class='ocrx_word' id='word_1_387' title='bbox 648 4209 761 4264; x_wconf 86' lang='lat' dir='ltr'>relative</span> <span class='ocrx_word' id='word_1_388' title='bbox 779 4205 970 4262; x_wconf 79' lang='lat' dir='ltr'>characteres</span> <span class='ocrx_word' id='word_1_389' title='bbox 985 4205 1032 4258; x_wconf 88' lang='lat' dir='ltr'>tbe</span> <span class='ocrx_word' id='word_1_390' title='bbox 1050 4199 1226 4272; x_wconf 85' lang='lat' dir='ltr'>expressions</span> <span class='ocrx_word' id='word_1_391' title='bbox 1239 4200 1247 4227; x_wconf 89' lang='lat'>‘</span> <span class='ocrx_word' id='word_1_392' title='bbox 1258 4198 1322 4252; x_wconf 87' lang='lat' dir='ltr'>hot’</span> <span class='ocrx_word' id='word_1_393' title='bbox 1336 4196 1392 4251; x_wconf 88' lang='lat' dir='ltr'>and</span> 
     </span>
     <span class='ocr_line' id='line_1_40' title="bbox 243 4283 1325 4362; baseline -0.011 -16"><span class='ocrx_word' id='word_1_394' title='bbox 243 4291 339 4345; x_wconf 82' lang='lat' dir='ltr'>‘cold’</span> <span class='ocrx_word' id='word_1_395' title='bbox 377 4293 423 4362; x_wconf 72' lang='lat' dir='ltr'>lle</span> <span class='ocrx_word' id='word_1_396' title='bbox 436 4292 554 4361; x_wconf 89' lang='lat' dir='ltr'>thought</span> <span class='ocrx_word' id='word_1_397' title='bbox 567 4293 628 4347; x_wconf 89' lang='lat' dir='ltr'>that</span> <span class='ocrx_word' id='word_1_398' title='bbox 642 4293 704 4348; x_wconf 91' lang='lat' dir='ltr'>cold</span> <span class='ocrx_word' id='word_1_399' title='bbox 717 4309 773 4346; x_wconf 88' lang='lat' dir='ltr'>was</span> <span class='ocrx_word' id='word_1_400' title='bbox 786 4309 818 4346; x_wconf 92' lang='lat' dir='ltr'>as</span> <span class='ocrx_word' id='word_1_401' title='bbox 831 4290 916 4345; x_wconf 90' lang='lat' dir='ltr'>much</span> <span class='ocrx_word' id='word_1_402' title='bbox 928 4307 945 4343; x_wconf 92' lang='lat' dir='ltr'>a</span> <span class='ocrx_word' id='word_1_403' title='bbox 959 4286 1076 4358; x_wconf 88' lang='lat' dir='ltr'>positive</span> <span class='ocrx_word' id='word_1_404' title='bbox 1088 4283 1194 4356; x_wconf 86' lang='lat' dir='ltr'>quality</span> <span class='ocrx_word' id='word_1_405' title='bbox 1207 4299 1238 4336; x_wconf 89' lang='lat' dir='ltr'>as</span> <span class='ocrx_word' id='word_1_406' title='bbox 1252 4283 1325 4335; x_wconf 89' lang='lat' dir='ltr'>heat.</span> 
     </span>
    </p>

    <p class='ocr_par' dir='ltr' id='par_1_7' title="bbox 243 4362 1391 4514">
     <span class='ocr_line' id='line_1_41' title="bbox 278 4362 1391 4437; baseline -0.011 -9"><span class='ocrx_word' id='word_1_407' title='bbox 278 4373 288 4403; x_wconf 83' lang='lat'>⁸</span> <span class='ocrx_word' id='word_1_408' title='bbox 306 4374 376 4428; x_wconf 88' lang='lat' dir='ltr'>This</span> <span class='ocrx_word' id='word_1_409' title='bbox 395 4376 471 4430; x_wconf 90' lang='lat' dir='ltr'>word</span> <span class='ocrx_word' id='word_1_410' title='bbox 492 4376 583 4431; x_wconf 87' lang='lat' dir='ltr'>shews</span> <span class='ocrx_word' id='word_1_411' title='bbox 604 4377 663 4431; x_wconf 90' lang='lat' dir='ltr'>that</span> <span class='ocrx_word' id='word_1_412' title='bbox 686 4377 734 4431; x_wconf 92' lang='lat' dir='ltr'>tbe</span> <span class='ocrx_word' id='word_1_413' title='bbox 758 4375 956 4431; x_wconf 91' lang='lat' dir='ltr'>thermometer</span> <span class='ocrx_word' id='word_1_414' title='bbox 976 4388 1032 4425; x_wconf 91' lang='lat' dir='ltr'>was</span> <span class='ocrx_word' id='word_1_415' title='bbox 1057 4367 1171 4437; x_wconf 85' lang='lat' dir='ltr'>already</span> <span class='ocrx_word' id='word_1_416' title='bbox 1190 4363 1345 4436; x_wconf 85' lang='lat' dir='ltr'>graduated</span> <span class='ocrx_word' id='word_1_417' title='bbox 1364 4362 1391 4417; x_wconf 91' lang='lat' dir='ltr'>in</span> 
     </span>
     <span class='ocr_line' id='line_1_42' title="bbox 243 4459 450 4514; baseline 0.01 -2"><span class='ocrx_word' id='word_1_418' title='bbox 243 4460 361 4513; x_wconf 86' lang='lat' dir='ltr'>Bacon&#39;s</span> <span class='ocrx_word' id='word_1_419' title='bbox 373 4459 450 4514; x_wconf 89' lang='lat' dir='ltr'>time.</span> 
     </span>
    </p>
   </div>
   <div class='ocr_carea' id='block_1_4' title="bbox 0 0 1676 5152">
    <p class='ocr_par' dir='ltr' id='par_1_8' title="bbox 0 0 1676 5152">
     <span class='ocr_line' id='line_1_43' title="bbox 0 0 1676 5152; baseline 0 0"><span class='ocrx_word' id='word_1_420' title='bbox 0 0 1676 5152; x_wconf 95' lang='lat' dir='ltr'> </span> 
     </span>
    </p>
   </div>
  </div>
 </body>
</html>
