3342 5152
677 357 756 413 ara.
780 358 822 412 ιν.
849 366 897 411 12.
1298 351 1360 432 367

212 533 247 586 ut
266 521 525 587 sacrificantibus
547 520 670 596 literae,
693 521 877 606 descriptae
900 521 1004 604 digito
1025 522 1058 584 in
1079 521 1242 586 cineribus
1264 523 1361 586 sacri-

211 626 358 691 ficiorum
385 648 484 712 super
509 648 600 690 aram
628 626 731 708 Jovis,
756 635 928 691 manerent
958 627 991 688 in
1021 647 1143 690 annum
1170 628 1361 710 proximum

210 733 336 814 absque
351 732 419 796 ulla
436 733 686 814 perturbatione
696 728 730 794 ⁷⁹.
776 731 892 813 Atque
909 731 1008 794 etiam
1027 731 1128 794 hodie
1145 730 1362 795 ascendentes

211 837 251 900 ad
262 837 417 900 verticem
431 835 527 900 Picus
538 837 582 900 de
592 835 760 919 Tenariph
775 857 815 899 eo
828 835 952 899 vadunt
964 846 1065 898 noctu
1078 843 1111 898 et
1123 854 1189 897 non
1202 834 1361 910 interdiu3

211 951 243 1004 et
264 939 363 1024 paulo
387 951 464 1024 post
485 951 594 1005 ortum
618 939 697 1003 solis
720 950 893 1003 mouentur
915 950 949 1003 et
971 940 1159 1002 excitantur
1178 959 1198 1002 a
1221 939 1361 1002 ducibus

211 1045 277 1108 suis
296 1055 333 1109 ut
351 1043 504 1109 festinent
524 1045 732 1121 descendere,
750 1053 887 1126 propter
907 1042 1087 1125 periculum
1109 1038 1161 1128 (ut
1177 1039 1320 1128 videtur)
1341 1064 1360 1106 a

210 1151 372 1214 tenuitate
387 1151 478 1226 ae'ris,
496 1169 539 1212 ne
553 1149 662 1213 solvat
676 1148 810 1230 spiritus
825 1157 859 1210 et
873 1146 1017 1212 suffocet

236 1266 359 1318 Ado-³¹·
430 1253 587 1318 Reflexio
609 1253 777 1316 radiorum
799 1251 886 1326 solis,
906 1251 939 1313 in
962 1251 1153 1332 regionibus
1176 1271 1279 1336 prope
1302 1252 1361 1314 cir-

210 1354 300 1418 culos
313 1356 452 1440 polares,
464 1357 646 1421 admodum
658 1355 776 1421 debilis
792 1366 826 1419 et
842 1355 993 1419 inefficax
1010 1355 1172 1419 invenitur
1183 1355 1216 1417 in
1232 1354 1360 1419 calore:

210 1458 294 1524 adeo
320 1470 356 1524 ut
387 1460 518 1544 Belgae,
542 1462 599 1543 qui
629 1462 855 1542 hybemarunt
885 1460 919 1522 in
950 1459 1047 1523 Nova
1079 1457 1261 1533 Zembla⁸⁰,
1284 1479 1359 1522 cum

210 1575 424 1647 expectarent
453 1565 545 1629 navis
575 1586 654 1630 suae
682 1564 910 1629 liberationem
944 1572 978 1626 et
1007 1564 1309 1627 deobstructionem
1340 1585 1360 1628 a

209 1667 339 1749 glaciali
360 1669 449 1733 mole
464 1670 564 1752 (quae
584 1691 657 1734 eam
680 1665 868 1752 obsederat)
884 1687 943 1751 per
958 1667 1051 1731 initia
1073 1668 1191 1730 mensis
1206 1666 1285 1748 Julii
1301 1688 1360 1750 spe

211 1791 269 1836 sua
292 1771 438 1838 frustrati
467 1775 543 1848 sint,
566 1783 599 1837 et
622 1773 728 1838 coacti
752 1772 895 1856 scaphae
919 1793 956 1836 se
981 1772 1194 1835 committere
1242 1770 1360 1853 Itaque

211 1876 293 1939 radii
315 1876 393 1941 solis
417 1878 531 1942 directi
552 1878 705 1941 videntur
728 1897 845 1960 parum
871 1897 975 1960 posse,
997 1876 1097 1940 etiam
1120 1895 1217 1958 super
1238 1885 1359 1938 terram

210 1979 361 2062 planam3
392 2002 452 2046 nec
478 1981 593 2045 reflexi
624 1983 733 2059 etiam,
759 1981 820 2044 nisi
852 1980 1110 2063 multiplicentur
1135 1989 1168 2043 et
1200 1981 1361 2054 uniantur,

210 2087 301 2166 quod
323 2084 360 2150 fit
383 2106 458 2149 cum
486 2086 535 2150 sol
562 2087 669 2170 magis
691 2087 798 2169 vergit
819 2086 863 2149 ad
887 2084 1167 2169 perpendiculum,
1187 2085 1265 2167 quia
1287 2094 1359 2147 tum

209 2188 386 2254 incidentia
402 2191 569 2254 radiorum
586 2189 664 2254 facit
679 2188 818 2273 angulos
833 2189 1005 2264 acutiores,
1022 2199 1058 2252 ut
1074 2188 1179 2252 lineae
1195 2188 1359 2253 radiorum

210 2291 275 2356 sint
291 2294 395 2375 magis
413 2296 446 2356 in
463 2295 670 2378 propinquo:
695 2295 750 2358 ubi
771 2305 886 2358 contra
907 2293 939 2355 in
963 2293 1092 2376 magnis
1110 2293 1361 2375 obliquitatibus

210 2397 289 2460 solis
319 2398 428 2482 anguli
458 2399 525 2462 sint
553 2399 651 2463 valde
680 2398 803 2474 obtusi,
829 2409 863 2462 et
894 2398 1032 2481 proinde
1058 2397 1163 2460 lineae
1193 2398 1359 2461 radiorum

210 2502 315 2586 magis
344 2503 513 2567 distantes.
570 2501 637 2567 Sed
668 2503 800 2568 interim
835 2503 1018 2566 notandum
1049 2512 1108 2576 est,
1139 2500 1260 2566 multas
1289 2522 1360 2565 esse

421 2777 533 2845 ἔμμεναι·
553 2774 604 2831 οὔτ’
624 2776 741 2842 ἀνέμοισι
759 2777 910 2832 τινάσσεται
928 2773 987 2830 οὔτε
1006 2773 1064 2828 ποτ’
1082 2772 1172 2847 ὄμβρῳ

420 2858 519 2914 δεῦεται
537 2858 597 2914 οὔτε
615 2862 679 2930 χιὼν
695 2857 869 2928 ἐπιπίλναται,
887 2859 957 2913 ἀλλὰ
975 2859 1037 2929 μόλ’
1054 2855 1130 2927 αἴθρη

418 2945 546 2998 πέπταται
564 2942 700 3014 ἀνέφελος,
717 2944 796 3013 λευκὴ
815 2941 838 2996 δ’
855 2941 1023 3011 ἐπιδέδρομεν
1039 2939 1126 3012 αἴγλη·

420 3028 456 3099 τῷ
473 3029 512 3082 ἔνι
530 3028 665 3098 τέρπονται
682 3027 793 3096 μάκαρες
811 3027 865 3080 θεαὶ
884 3029 967 3096 ἤματα
984 3026 1077 3080 πάντα.

964 3111 1080 3176 Homer,
1094 3109 1148 3164 Od.
1162 3108 1198 3163 vi.
1211 3109 1290 3176 41-6.

245 3193 306 3248 The
319 3195 430 3249 student
444 3194 497 3249 will
511 3195 548 3249 do
562 3195 623 3248 weil
637 3204 666 3249 to
683 3194 751 3250 read
769 3195 819 3249 Dr.
833 3195 952 3263 Merry's
971 3192 1134 3249 instructive
1149 3203 1215 3248 note
1231 3210 1268 3247 on
1280 3193 1360 3248 these

208 3273 288 3331 lines.
326 3279 372 3332 He
384 3288 483 3348 quotes
497 3279 604 3332 several
617 3279 731 3349 parallel
744 3294 887 3348 passages.

244 3358 266 3389 ⁷⁰
284 3362 338 3415 See
362 3361 411 3415 the
435 3361 617 3416 Aristotelian
640 3378 673 3415 or
696 3360 1000 3431 pseudo-Aristotelian
1024 3361 1210 3426 Problemata,
1231 3360 1303 3414 xxvi.
1326 3361 1360 3428 36

211 3444 248 3513 (p.
257 3457 310 3511 944
322 3443 348 3497 b.
364 3443 470 3512 12-16),
484 3446 584 3510 where,
597 3445 736 3510 however,
750 3446 797 3499 the
815 3445 917 3498 author
936 3443 1063 3514 specifies
1080 3443 1170 3498 Athos
1189 3443 1247 3497 and
1264 3443 1362 3497 ‘other

208 3527 278 3579 sucb
296 3526 472 3582 mountains.'
509 3526 680 3598 Pomponius
699 3528 777 3581 Mela
794 3526 851 3596 (lib.
866 3527 891 3581 ii.
906 3544 968 3597 cap.
982 3526 1011 3595 2)
1030 3527 1116 3584 refers
1134 3527 1194 3580 also
1212 3535 1241 3582 to
1259 3527 1360 3580 Athos.

209 3610 321 3665 Solinus
329 3611 469 3666 describes
480 3611 527 3666 the
540 3612 738 3681 phenomenon
748 3629 780 3666 as
789 3611 887 3680 taking
896 3611 976 3680 place
986 3610 1055 3665 both
1068 3628 1104 3664 on
1118 3611 1256 3680 Olympus
1268 3609 1360 3679 (Poly-

209 3691 305 3760 histor,
318 3710 379 3764 cap.
390 3693 427 3762 ix)
438 3695 496 3749 and
508 3712 544 3750 on
558 3695 648 3749 Athos
662 3695 736 3764 (cap.
749 3693 797 3762 xi).
823 3696 877 3749 Mr.
888 3694 959 3748 Ellis
968 3693 1038 3750 cites
1049 3695 1186 3749 Geminus
1199 3695 1256 3748 and
1268 3693 1360 3748 Philo-

209 3793 307 3845 punus,
320 3777 367 3832 the
382 3778 486 3834 former
498 3778 529 3832 of
539 3780 632 3832 whom
649 3780 751 3848 speaks
764 3778 796 3832 ol
806 3779 906 3833 Mount
921 3778 1036 3846 Cyllene
1054 3778 1082 3831 in
1095 3776 1225 3844 Arcadia,
1239 3777 1295 3831 and
1311 3778 1360 3832 the

208 3860 291 3915 latter
302 3862 333 3916 of
343 3862 489 3932 Olympus.
525 3863 682 3932 Augustine
694 3863 755 3918 tells
767 3862 816 3916 the
829 3872 914 3931 story,
926 3871 956 3915 at
968 3863 1038 3916 least
1051 3861 1141 3928 twice,
1154 3861 1186 3915 of
1195 3861 1342 3930 Olympus.

244 3945 289 3998 All
301 3945 380 4000 these
397 3945 496 4001 stories
513 3963 561 4000 are
579 3946 638 4000 told
650 3945 683 4000 of
695 3945 765 4000 both
779 3946 917 4015 Olympus
930 3946 986 4000 and
999 3946 1091 3999 Athos
1104 3944 1132 3998 in
1147 3943 1360 3999 Maundeville’s

208 4029 324 4082 Travels
344 4029 409 4096 (Ed.
425 4029 572 4098 Halliwell,
585 4047 612 4100 p.
625 4029 680 4098 17),
696 4029 801 4100 quoted
820 4029 858 4098 by
872 4031 1024 4084 MnToaer
1042 4029 1070 4082 in
1088 4027 1133 4083 his
1153 4026 1313 4096 Highlands
1332 4028 1363 4081 oi

209 4113 234 4164 Τ
236 4111 329 4180 urkey,
343 4113 397 4166 vol.
409 4110 427 4167 i.
440 4130 467 4183 p.
479 4127 538 4167 102.

244 4192 266 4224 ⁸⁰
283 4195 430 4265 Referring
439 4207 469 4251 to
480 4197 619 4252 Barentz’s
630 4196 799 4266 Expedition
812 4196 841 4250 in
854 4195 952 4250 search
964 4195 996 4248 ol
1005 4213 1021 4248 a
1035 4196 1061 4248 N
1066 4194 1215 4248 etth-East
1226 4194 1358 4261 Passage.

208 4279 271 4332 The
290 4290 374 4334 event
395 4279 509 4334 alluded
533 4289 563 4334 to
584 4280 652 4334 took
674 4281 753 4350 place
776 4279 803 4335 in
824 4282 904 4350 June,
926 4291 1002 4348 1597.
1041 4279 1096 4332 Mr.
1109 4276 1256 4348 Spedding
1274 4277 1359 4331 refers

207 4373 237 4416 to
258 4363 365 4418 ‘Three
382 4364 512 4434 Voyages
532 4364 570 4434 by
592 4365 640 4419 the
662 4362 859 4431 North-East,’
881 4364 941 4429 dac,
969 4362 1113 4431 Hackluyt
1139 4359 1258 4430 Society,
1285 4361 1359 4429 1853,

207 4463 234 4515 p.
248 4460 306 4514 191.
