3344 5152
310 387 370 468 178
652 393 928 452 ursrnrsurro
951 393 1109 450 oannis.

308 560 458 643 neglectu
489 580 547 645 per
572 557 701 627 saecula
729 559 834 627 mult'a
859 561 1073 626 obtinuerunt
1100 557 1134 625 et
1160 560 1341 624 inveterata
1366 558 1457 643 sunt)

308 665 503 729 nominatim
533 662 767 748 proscribimus
796 674 830 730 et
859 674 1033 743 notamus3
1071 685 1113 729 ne
1143 664 1287 730 scientiis
1315 662 1457 745 amplius

309 769 448 832 molesta
478 771 552 834 sint.
598 769 698 853 Quod
724 770 813 834 enim
830 772 1019 852 prudenter
1047 768 1279 834 animadvertit
1309 768 1457 849 quidam,

308 872 435 938 fabulas
450 885 483 938 et
499 873 748 958 superstitiones
764 885 798 939 et
813 895 918 958 nugas
933 895 1015 958 quas
1032 873 1212 938 nutriculae
1227 871 1337 956 pueris
1353 871 1457 935 instil-

309 977 379 1040 lant
404 987 530 1044 mentes
555 997 669 1042 eorum
696 979 796 1043 etiam
827 979 912 1042 serio
938 979 1135 1061 depravare:
1174 977 1221 1042 ita
1250 977 1367 1040 eadem
1395 994 1458 1037 nos

310 1082 414 1144 movit
431 1083 515 1146 ratio
531 1092 568 1147 ut
587 1081 718 1147 solliciti
740 1092 841 1164 atque
862 1083 962 1146 etiam
984 1082 1076 1146 anxii
1099 1081 1202 1144 simus
1224 1101 1266 1143 ne
1287 1080 1331 1143 ab
1354 1079 1457 1154 initio,

309 1204 383 1248 cum
399 1185 501 1248 veluti
516 1187 687 1250 infantiam
704 1186 932 1270 philosophiae
949 1186 1012 1249 sub
1027 1185 1162 1249 historia
1180 1184 1319 1250 naturali
1336 1191 1457 1248 tracte·

309 1308 382 1352 mus
405 1297 439 1352 et
465 1308 625 1369 curemus,
650 1291 706 1356 illa
733 1290 830 1357 alicui
852 1290 989 1354 vanitati
1014 1295 1190 1354 assuescat.
1235 1287 1286 1352 At
1310 1275 1343 1350 iri
1367 1287 1456 1350 omni

308 1393 539 1475 experimento
560 1415 647 1460 novo
668 1405 702 1459 et
720 1394 820 1477 paulo
838 1392 1019 1469 subtiliore,
1036 1394 1111 1459 licet
1132 1391 1183 1479 (ut
1201 1393 1296 1458 nobis
1314 1387 1457 1475 videtur)

197 1526 202 1538 ·
308 1504 398 1559 certo
419 1517 458 1560 ac
481 1498 631 1580 probato,
650 1499 787 1562 modum
810 1507 923 1562 tamen
941 1497 1159 1579 experimenti
1182 1516 1250 1579 quo
1272 1496 1322 1561 usi
1344 1515 1458 1558 sumus

308 1610 423 1680 aperte
445 1599 695 1685 subjungimus3
728 1611 774 1678 ut,
797 1610 977 1684 postquam
996 1599 1200 1684 patefactum
1223 1601 1265 1664 sit
1288 1600 1458 1682 quomodo

308 1702 437 1786 singula
452 1705 548 1768 nobis
562 1705 777 1783 constiterint,
789 1705 922 1769 videant
937 1703 1089 1768 homines
1103 1705 1183 1788 quid
1195 1704 1313 1768 erroris
1324 1705 1459 1767 subesse

309 1815 343 1869 et
360 1805 538 1871 adhaerere
553 1810 669 1891 possit,
689 1819 788 1891 atque
803 1808 846 1873 ad
862 1809 1074 1891 probationes
1090 1809 1196 1890 magis
1212 1807 1297 1872 fidas
1308 1815 1342 1870 et
1354 1807 1458 1889 magis

308 1911 491 1992 exquisitas
506 1907 546 1996 (si
562 1933 647 1993 quae
667 1909 747 1998 sint)
767 1913 1055 1997 expergiscantur:
1079 1914 1220 1995 denique
1241 1913 1364 1994 ubique
1386 1930 1456 1974 mo·

309 2015 378 2077 nita
395 2026 428 2080 et
443 2015 612 2099 scrupulos
629 2027 662 2080 et
678 2019 845 2082 cautiones
864 2018 1077 2100 aspergimus,
1093 2016 1249 2100 religione
1264 2016 1409 2096 quadam
1424 2025 1458 2078 et

309 2127 466 2199 tanquam
477 2121 664 2185 exorcismo
674 2119 789 2185 omnia
797 2117 1031 2204 phantasmata
1040 2121 1204 2202 ejicientes
1213 2140 1252 2184 ac
1261 2119 1458 2184 cohibentes.

353 2221 533 2299 Postremo,
549 2243 624 2288 cum
641 2225 736 2287 nobis
751 2224 964 2308 exploratum
980 2225 1023 2289 sit
1038 2234 1241 2306 quantopere
1256 2223 1459 2306 experientia

309 2336 342 2388 et
357 2324 494 2391 historia
515 2328 618 2391 aciem
641 2327 760 2392 mentis
777 2328 941 2392 humanae
962 2329 1137 2412 disgreget,
1153 2339 1186 2392 et
1207 2347 1308 2409 quam
1328 2326 1459 2390 difficile

309 2430 350 2492 sit
367 2429 572 2512 (praesertim
589 2431 708 2495 animis
722 2431 773 2495 vel
789 2433 909 2495 teneris
924 2431 977 2497 vel
992 2427 1254 2515 praeoccupatis)
1265 2453 1285 2495 a
1298 2429 1458 2513 principio

309 2552 383 2596 curn
417 2544 534 2598 natura
560 2554 780 2611 consuescere,
811 2534 1024 2618 adjungimus
1054 2537 1185 2618 saepius
1215 2533 1458 2598 observationes

309 2645 446 2714 nostras,
458 2647 616 2719 tanquam
633 2639 756 2722 primas
771 2640 933 2720 quasdam
946 2640 1172 2703 conversiones
1186 2649 1219 2702 et
1232 2637 1459 2703 inclinationes

308 2759 346 2803 ac
368 2739 469 2805 veluti
493 2753 644 2824 aspectus
666 2742 822 2806 historiae
844 2746 886 2807 acl
910 2743 1175 2826 philosophiam3
1203 2751 1240 2806 ut
1260 2753 1293 2806 et
1314 2741 1459 2825 pignoris

308 2841 381 2908 loco
407 2844 595 2909 hominibus
619 2847 684 2910 sint
711 2867 767 2911 eos
794 2847 827 2909 in
851 2847 1008 2912 historiae
1034 2846 1187 2911 fluctibus
1212 2856 1371 2929 perpetuo
1394 2865 1459 2908 non

309 2947 461 3012 detentos
477 2949 525 3027 iri,
541 2960 645 3031 utque
665 2971 740 3014 cum
761 2952 805 3015 ad
826 2971 910 3033 opus
932 2950 1115 3016 intellectus
1134 2951 1326 3014 deveniatur
1347 2950 1460 3012 omnia

309 3050 375 3112 sint
391 3053 497 3134 magis
520 3054 552 3114 in
576 3053 755 3135 procinctu.
801 3052 919 3135 Atque
941 3075 1000 3136 per
1021 3053 1211 3134 hujusmodi
1234 3048 1379 3138 (qualem
1401 3052 1459 3114 de-

311 3151 496 3240 scribimus)
513 3156 697 3221 Historiam
716 3157 922 3234 Naturalem,
937 3158 1066 3221 aditum
1088 3158 1254 3239 quendam
1274 3155 1341 3220 fieri
1363 3176 1460 3240 posse

310 3258 352 3320 ad
369 3267 521 3323 naturam
537 3269 646 3324 tutum
669 3271 703 3324 et
725 3263 947 3334 commodum,
969 3273 1069 3344 atque
1088 3263 1259 3326 materiam
1281 3258 1459 3324 intellectui

310 3362 458 3444 praeberi
476 3364 613 3446 probam
630 3376 662 3428 et
678 3375 918 3448 praeparatam,
934 3385 1112 3432 censemus.

354 3555 534 3638 Postquam
552 3580 632 3623 vero
648 3542 680 3623 et
698 3559 900 3623 intellectum
918 3559 1084 3624 fidissimis
1095 3559 1228 3622 auxiliis
1240 3579 1278 3623 ac
1290 3558 1460 3642 praesidiis

311 3658 513 3742 stipavimus,
524 3672 558 3724 et
568 3662 695 3743 justum
708 3664 894 3727 divinorum
907 3684 1046 3747 operum
1059 3665 1242 3728 exercitum
1254 3663 1460 3726 severissimo

311 3762 442 3827 delectu
461 3768 745 3848 comparavimns3
769 3767 814 3830 nil
835 3767 977 3851 amplius
998 3789 1168 3850 superesse
1187 3768 1326 3844 videtur,
1342 3767 1403 3830 nisi
1425 3776 1460 3828 ut

311 3867 554 3950 philosophiam
572 3871 677 3953 ipsam
693 3872 933 3954 aggrediamur.
981 3871 1143 3935 Attamen
1159 3873 1191 3934 in
1213 3892 1247 3935 re
1267 3882 1337 3936 tam
1358 3871 1460 3934 ardua

311 3981 344 4034 et
375 3993 533 4055 suspensa
563 3985 641 4038 sunt
671 3977 835 4056 quaedam
866 3995 952 4058 quae
977 3976 1159 4040 necessario
1184 3976 1337 4039 videntur
1363 3975 1460 4038 inter-

311 4076 482 4156 ponenda3
507 4079 627 4159 partim
643 4079 784 4143 docendi
800 4080 914 4160 gratia,
931 4079 1051 4159 partim
1066 4080 1098 4141 in
1117 4100 1212 4142 usum
1229 4088 1446 4162 praesentem.

356 4179 488 4242 Horum
504 4181 647 4263 primum
664 4193 723 4258 est,
742 4192 777 4246 ut
800 4182 956 4264 exempla
976 4193 1203 4266 proponantur
1223 4183 1406 4265 inquirendi
1428 4193 1461 4245 et

312 4282 496 4346 inveniendi
517 4287 697 4350 secundum
717 4297 863 4352 nostram
886 4288 1049 4351 rationem
1070 4307 1107 4350 ac
1127 4288 1224 4362 viam,
1245 4287 1277 4348 in
1298 4286 1462 4367 aliquibus

312 4385 468 4466 subjectis
483 4400 746 4472 repraesentata:
769 4392 930 4454 sumendo
946 4411 984 4454 ea
997 4390 1204 4474 potissimum
1217 4389 1365 4470 subjecta
1377 4409 1462 4470 quae

312 4499 345 4551 et
362 4489 447 4553 inter
460 4511 499 4555 ea
511 4513 597 4574 quae
608 4504 811 4576 quaeruntur
822 4504 898 4558 sunt
911 4492 1113 4557 nobilissima
1126 4504 1159 4556 et
1173 4495 1255 4557 inter
1267 4514 1302 4556 se
1316 4494 1461 4556 maxime
