3358 5152
711 400 791 457 ΜΒ.
817 401 838 456 J.
864 391 915 474 85.
1324 399 1386 478 285

234 564 384 629 videatur
406 566 546 644 imitari;
570 586 656 650 quae
679 577 792 630 tamen
815 587 866 631 res
888 587 931 630 ex
955 586 1021 630 uno
1044 577 1101 631 aut
1123 566 1227 631 altero
1250 579 1386 634 naturae

234 671 403 735 axiomate
418 673 551 754 pendet.

279 773 379 856 Quod
402 777 428 838 si
452 777 525 858 quis
548 796 656 839 rursus
686 775 904 841 subtilitatem
928 775 1017 840 illam
1043 777 1210 841 intueatur
1235 798 1320 860 quae
1342 778 1384 842 ad

235 887 322 942 artes
348 877 500 944 liberales
526 881 677 963 pertinet,
705 890 761 945 aut
793 881 893 944 etiam
920 901 994 944 eam
1028 902 1113 964 quae
1140 881 1182 944 ad
1210 902 1384 964 corporum

235 981 431 1046 naturalium
456 985 741 1067 praeparationem
767 1006 825 1068 per
847 994 934 1049 artes
957 984 1165 1049 mechanicas
1190 995 1327 1068 spectat,
1351 997 1384 1050 et

234 1085 424 1167 hujusmodi
438 1108 488 1152 res
498 1089 670 1169 suspiciat;
686 1088 787 1153 veluti
798 1089 1019 1153 inventionem
1032 1099 1181 1152 motuum
1192 1089 1384 1154 coelestium

235 1189 268 1252 iu
297 1191 508 1270 astronomia,
536 1202 755 1256 concentuum
786 1194 818 1255 in
850 1194 982 1270 musica,
1008 1191 1177 1257 literarum
1215 1192 1384 1276 alphabeti

234 1289 334 1378 (quae
360 1295 459 1358 etiarn
484 1295 592 1360 adhuc
620 1297 652 1359 in
680 1317 781 1380 regno
809 1296 962 1361 Sinarum
987 1297 1020 1360 in
1050 1318 1111 1360 usu
1138 1318 1202 1361 nou
1233 1295 1323 1382 sunt)
1351 1299 1384 1361 in

233 1400 469 1480 grammatica3
502 1409 560 1463 aut
591 1421 700 1464 rursus
725 1403 757 1463 in
789 1400 996 1478 mechanicis,
1021 1400 1181 1466 laetorum
1207 1402 1328 1466 Bacchi
1351 1411 1384 1466 et

235 1499 371 1580 Cereris,
382 1502 446 1567 hoc
462 1513 521 1577 est,
533 1506 820 1588 praeparationum
836 1506 903 1568 vini
920 1515 954 1570 et
969 1504 1131 1584 cervisiae,
1147 1505 1383 1588 panificiorum

232 1616 291 1672 aut
314 1608 413 1670 etiam
439 1627 571 1671 mensae
594 1608 792 1684 delitiarum,
816 1619 849 1672 et
872 1608 1132 1685 distillationum,
1149 1621 1183 1674 et
1205 1609 1382 1673 similium:

234 1710 288 1774 ille
303 1731 447 1793 quoque,
464 1713 489 1774 si
506 1732 617 1776 secum
634 1713 764 1794 cogitet,
781 1723 814 1776 et
829 1713 975 1776 animum
991 1715 1151 1790 advertat,
1167 1735 1226 1798 per
1240 1723 1383 1796 quantos

233 1823 420 1898 temporum
444 1816 599 1880 circuitus
615 1813 703 1901 (cum
720 1817 800 1881 haec
817 1817 936 1891 omnia,
951 1827 1081 1901 praeter
1103 1817 1334 1883 distillationes
1345 1815 1382 1892 ⁴⁰,

232 1920 369 2001 antiqua
388 1916 522 2004 luerint)
536 1920 617 1984 haec
639 1922 680 1983 ad
700 1942 783 1997 eam,
799 1941 899 2002 quam
923 1941 1009 1984 nunc
1030 1921 1202 1996 habemus,
1218 1921 1382 1986 culturam

232 2025 391 2107 perducta
421 2025 496 2100 sint,
528 2033 560 2088 et
591 2022 642 2111 (ut
671 2023 740 2108 jam
764 2024 805 2088 de
828 2024 1007 2108 horologiis
1037 2025 1162 2089 dictum
1189 2024 1253 2112 est)
1282 2046 1381 2108 quam

233 2148 348 2212 parum
379 2128 523 2192 habeant
550 2149 593 2191 ex
620 2129 904 2193 observationibus
927 2139 960 2192 et
983 2130 1208 2194 axiomatibus
1238 2139 1381 2207 naturae,

232 2242 333 2313 atque
363 2252 463 2314 quam
494 2233 595 2311 facile,
629 2243 662 2296 et
692 2242 851 2314 tanquam
881 2255 941 2316 per
977 2235 1167 2297 occasiones
1200 2235 1315 2298 obvias
1348 2245 1382 2299 et

234 2337 528 2420 contemplationes
551 2338 760 2414 incurrentes
784 2338 846 2401 ista
869 2338 1003 2401 inveniri
1026 2338 1215 2420 potuerint:
1247 2337 1301 2402 ille
1317 2335 1380 2423 (in-

233 2439 348 2526 quam)
377 2442 418 2504 ab
452 2441 541 2504 omni
571 2440 790 2504 admiratione
821 2461 857 2504 se
890 2442 984 2505 facile
1013 2440 1175 2516 liberabit,
1204 2451 1238 2505 et
1270 2443 1380 2525 potius

232 2545 397 2609 humanae
419 2545 616 2610 conditionis
639 2545 855 2623 miserebitur,
871 2548 960 2628 quod
983 2566 1042 2630 per
1061 2555 1112 2610 tot
1133 2544 1265 2610 saecula
1287 2556 1380 2610 tanta

231 2649 329 2713 luerit
353 2671 459 2713 rerum
475 2661 509 2714 et
525 2649 731 2714 inventorum
753 2651 887 2732 penuria
902 2659 936 2714 et
952 2649 1116 2714 sterilitas.
1162 2649 1276 2731 Atque
1298 2649 1380 2714 haec

232 2753 303 2834 ipsa
320 2763 440 2826 tamen,
457 2774 597 2835 quorum
621 2774 706 2818 nunc
731 2754 928 2817 mentionem
947 2754 1092 2831 lecimus,
1116 2754 1256 2828 inventa,
1273 2753 1380 2835 philo-

232 2859 347 2941 sophia
369 2868 402 2922 et
425 2859 549 2922 artibus
573 2857 758 2922 intellectus
781 2858 968 2940 antiquiora
991 2857 1143 2922 luerunt:
1170 2859 1254 2922 adeo
1278 2868 1315 2921 ut
1337 2855 1377 2942 (si

231 2983 342 3026 verum
365 2963 542 3026 dicendum
565 2959 622 3047 sit)
645 2983 720 3026 cum
747 2961 937 3043 hujusmodi
965 2963 1120 3027 scientiae
1146 2961 1324 3026 rationales
1346 2970 1379 3024 et

231 3067 438 3150 dogmaticae
454 3067 642 3148 inceperint,
660 3067 805 3131 inventio
821 3088 958 3150 operum
975 3067 1104 3130 utilium
1120 3063 1298 3130 desierit⁴¹.

276 3171 421 3252 Quodsi
442 3172 515 3253 quis
536 3171 578 3234 ab
598 3171 735 3235 officinis
757 3173 799 3234 ad
824 3170 1041 3236 bibliothecas
1063 3192 1098 3234 se
1121 3171 1327 3246 converterit,
1343 3180 1376 3235 et

230 3273 434 3352 immensam,
446 3295 545 3357 quam
557 3277 718 3350 videmus,
729 3276 887 3339 librorum
902 3276 1096 3340 varietatem
1110 3276 1142 3338 in
1159 3275 1378 3339 admiratione

229 3377 389 3457 habuerit,
416 3381 452 3456 is,
479 3379 678 3444 examinatis
708 3390 741 3443 et
772 3381 962 3461 diligentius
993 3380 1202 3462 introspectis
1232 3380 1378 3461 ipsorum

230 3481 385 3546 librorum
402 3483 545 3546 materiis
557 3493 591 3546 et
603 3485 776 3562 contentis
786 3486 997 3566 obstupescet
1012 3493 1100 3547 certe
1113 3485 1146 3546 in
1162 3483 1379 3558 contrarium;

229 3596 263 3650 et
287 3597 464 3670 postquam
492 3585 617 3650 nullum
644 3588 713 3650 dari
741 3587 840 3650 finem
868 3587 1119 3671 repetitionibus
1145 3587 1378 3666 observaverit,

229 3711 395 3773 quamque
417 3690 569 3754 homines
591 3693 709 3755 eadem
733 3701 834 3774 agant
851 3702 883 3755 et
900 3692 1084 3773 loquantur,
1100 3692 1143 3755 ab
1162 3691 1378 3756 admiratione

262 3923 285 3956 ‘⁰
303 3925 476 3982 Distillation
486 3925 509 3981 is
519 3927 660 3996 generally
669 3926 812 3996 supposed
820 3935 848 3980 to
856 3927 928 3981 have
942 3927 1012 3981 been
1021 3925 1185 3981 introduced
1198 3925 1256 3981 into
1266 3927 1378 3997 Europe

227 4009 330 4078 hythe
352 4011 449 4064 Moors
466 4011 551 4064 about
570 4023 634 4064 Ab.
660 4023 736 4082 1150,
755 4011 804 4065 but
823 4027 854 4064 as
873 4010 989 4080 regards
1009 4010 1043 4064 its
1061 4009 1158 4064 earlier
1175 4009 1282 4078 history
1300 4010 1378 4068 there

227 4091 251 4146 is
265 4093 456 4148 considerable
468 4093 612 4165 difficulty.
651 4096 705 4148 Mr.
717 4093 787 4147 Ellis
800 4094 886 4148 refers
899 4104 928 4148 to
941 4094 1061 4160 Dutens,
1071 4091 1187 4162 Origine
1199 4093 1250 4147 des
1264 4093 1377 4147 Decou·

227 4187 324 4245 vertes,
349 4178 410 4244 δια,
435 4194 461 4247 p.
486 4177 535 4243 187
561 4178 593 4231 of
614 4177 661 4231 the
687 4176 804 4232 London
825 4176 948 4244 Edition,
969 4176 1026 4230 and
1048 4175 1228 4230 Humboldt’s
1250 4177 1377 4231 Examen

227 4257 342 4330 critique
356 4261 390 4316 de
403 4260 547 4315 l’Histoire
560 4261 595 4316 de
608 4261 635 4314 la
649 4261 833 4331 Geographie,
847 4260 906 4328 δια,
920 4261 973 4314 vol.
987 4259 1014 4314 ii.
1027 4276 1053 4329 p.
1067 4259 1127 4326 306.

262 4342 282 4372 ⁴¹
301 4343 372 4400 This
385 4343 418 4414 is,
431 4344 462 4398 ol
472 4361 579 4410 course,
589 4361 625 4398 an
639 4344 840 4413 exaggeration.
879 4345 904 4398 lt
918 4343 941 4397 is
960 4353 1028 4410 true,
1042 4343 1178 4410 however,
1191 4342 1254 4396 that
1267 4342 1378 4398 neither

226 4425 336 4482 science
348 4444 400 4481 nor
412 4428 579 4501 philosophy
591 4445 670 4484 came
683 4427 743 4482 into
755 4427 903 4494 existence,
913 4445 944 4481 or
956 4426 1038 4480 could
1051 4426 1122 4482 have
1133 4443 1211 4482 come
1224 4425 1283 4482 into
1295 4425 1376 4482 exist·

224 4509 350 4580 ence,‘till
363 4512 410 4567 the
422 4511 545 4581 primary
557 4521 646 4566 wants
658 4512 689 4566 ol
695 4511 741 4567 lile
755 4529 824 4568 were
838 4509 968 4566 satisfiecl.
