3358 5152
308 399 371 464 280
687 405 843 460 NOVUM
863 403 1080 460 ORGANUM.

305 579 365 649 est,
384 589 484 654 quam
509 582 546 635 ut
570 569 606 648 is,
624 569 681 652 qui
705 591 741 634 se
763 572 806 636 ad
830 569 1062 634 inveniendum
1085 566 1211 650 aliquid
1230 576 1403 650 comparat
1423 573 1457 632 et

305 675 456 759 accingit,
476 674 584 759 primo
603 696 689 758 quae
713 675 756 738 ab
780 674 852 739 aliis
875 675 962 738 circa
984 673 1039 737 illa
1063 673 1240 738 dictasint
1263 671 1404 755 inquirat
1422 681 1456 735 et

305 780 459 859 evolvat;
497 780 618 844 deinde
648 779 813 862 propriam
846 779 1095 858 meditationem
1127 778 1239 850 addat,
1267 787 1368 858 atque
1398 796 1457 858 per

307 883 427 948 mentis
443 883 582 947 multam
598 884 817 966 agitationem
832 879 983 966 spiritum
999 902 1095 946 suum
1112 881 1280 964 proprium
1292 878 1456 953 sollicitet,

306 997 340 1053 et
356 987 451 1071 quasi
467 985 607 1067 invocet,
620 997 656 1052 ut
672 986 735 1051 sibi
752 988 884 1051 oracula
899 988 1043 1071 pandat:
1067 1005 1220 1069 quaeres
1236 985 1370 1049 omnino
1386 985 1457 1047 sine

305 1091 524 1157 fundamento
540 1101 598 1168 est,
615 1093 698 1156 etin
714 1091 923 1175 opinionibus
942 1098 1073 1157 tantum
1089 1091 1240 1156 volvitur.

348 1196 399 1261 At
428 1196 511 1260 alius
542 1196 706 1280 quispiam
737 1197 945 1262 dialecticam
974 1197 1018 1261 ad
1048 1195 1281 1260 inveniendum
1308 1194 1456 1271 advocet,

304 1319 390 1385 quae
417 1301 550 1366 nomine
573 1311 669 1366 tenus
693 1311 822 1365 tantum
845 1303 888 1366 ad
908 1301 942 1364 id
965 1301 1056 1384 quod
1075 1301 1184 1384 agitur
1202 1301 1354 1383 pertinet.
1402 1298 1455 1361 In·

303 1406 415 1469 ventio
443 1406 530 1470 enirn
555 1405 748 1471 dialecticae
772 1425 839 1469 non
870 1415 921 1470 est
943 1405 1176 1490 principiorum
1195 1414 1230 1468 et
1250 1404 1456 1468 axiomatum

304 1511 566 1594 praecipuorum,
590 1531 635 1574 ex
662 1509 782 1592 quibus
805 1519 892 1574 artes
919 1519 1080 1583 constant,
1107 1510 1165 1574 sed
1192 1529 1306 1574 eorum
1326 1518 1456 1573 tantum

303 1634 391 1697 quae
429 1613 493 1679 illis
532 1623 753 1679 consentanea
794 1615 955 1679 videntur.
1002 1614 1184 1678 Dialectica
1226 1612 1313 1677 enim
1350 1612 1456 1695 magis

304 1719 451 1783 curiosos
467 1729 501 1782 et
519 1717 737 1801 importunos,
758 1729 792 1782 et
814 1719 876 1782 sibi
903 1720 1072 1801 negotium
1092 1718 1298 1794 lacessentes,
1316 1737 1457 1799 eamque

304 1822 551 1905 interpellantes
567 1825 610 1887 de
624 1822 876 1906 probationibus
897 1833 931 1887 et
951 1822 1197 1887 inventionibus
1213 1821 1446 1906 principiorum

303 1926 371 1990 sive
393 1926 598 1991 axiomatum
619 1925 808 2009 primorum,
830 1927 873 1991 ad
897 1926 1007 2004 fidem,
1031 1937 1064 1990 et
1085 1923 1189 1990 veluti
1213 1935 1456 1990 sacramentum

304 2029 440 2094 cuilibet
455 2031 517 2095 arti
532 2031 779 2114 praestandum,
793 2029 965 2096 notissimo
982 2051 1140 2113 responso
1156 2031 1267 2113 rejicit.

349 2134 470 2198 Restat
501 2134 705 2216 experientia
737 2154 845 2198 mera:
886 2155 982 2217 quae,
1020 2135 1048 2198 si
1082 2146 1240 2209 occurrat,
1275 2155 1392 2209 casus;
1428 2153 1444 2196 s

303 2237 452 2321 quaesita
467 2236 519 2316 sit,
534 2237 800 2320 experimentum
818 2239 1017 2303 nominatur.
1064 2239 1140 2303 Hoc
1156 2249 1267 2303 autern
1284 2237 1455 2320 experien-

303 2342 369 2407 tiae
398 2362 504 2426 genus
529 2340 609 2404 nihil
633 2341 721 2408 aliud
756 2352 815 2417 est,
848 2363 948 2426 quam
979 2343 1084 2427 (quod
1115 2341 1220 2428 aiunt)
1244 2363 1365 2425 scopae
1391 2342 1457 2404 dis-

302 2445 430 2510 solutae
440 2444 476 2521 ²⁰,
502 2454 535 2510 et
560 2467 650 2510 mera
674 2447 824 2532 palpatio
837 2446 871 2527 ³⁰,
895 2447 984 2531 quali
1010 2447 1165 2512 homines
1188 2457 1287 2511 noctu
1311 2455 1456 2520 utuntur,

303 2551 414 2614 omnia
437 2552 665 2634 pertentand0,
691 2552 719 2614 si
745 2549 830 2616 forte
857 2552 890 2614 in
918 2561 1040 2616 rectam
1063 2553 1152 2615 viam
1175 2551 1318 2616 incidere
1339 2552 1455 2628 detur;

303 2653 423 2737 quibus
445 2653 550 2717 multo
575 2654 679 2718 satius
701 2664 736 2718 et
759 2656 940 2721 consultius
959 2656 1043 2720 soret
1066 2656 1155 2719 diem
1178 2654 1379 2738 praestolari,
1399 2665 1455 2718 aut

302 2758 413 2822 lumen
437 2758 627 2836 accendere,
654 2769 688 2822 et
712 2758 867 2840 deinceps
890 2759 978 2823 viam
1006 2760 1097 2823 inire.
1141 2757 1192 2824 At
1219 2769 1341 2837 contra,
1359 2779 1456 2823 verus

302 2863 527 2945 experientiae
553 2865 636 2928 ordo
658 2863 766 2946 primo
792 2862 903 2927 lumen
934 2865 1093 2942 accendit,
1121 2863 1243 2927 deinde
1265 2883 1322 2945 per
1344 2861 1455 2926 lumen

303 2967 365 3031 iter
377 2968 595 3044 demonstrat,
612 2965 802 3049 incipiendo
818 2967 861 3030 ab
877 2968 1084 3051 experientia
1100 2968 1249 3032 ordinata
1268 2977 1302 3030 et
1318 2967 1456 3050 digesta,

303 3079 335 3134 et
355 3071 488 3134 minime
506 3081 719 3154 praepostera
731 3070 757 3108 ³¹
781 3082 839 3135 aut
865 3072 1011 3148 erratica,
1037 3083 1139 3154 atque
1161 3093 1205 3134 ex
1227 3092 1266 3135 ea
1286 3071 1456 3135 educendo

301 3174 481 3250 axiomata,
506 3185 607 3256 atque
636 3195 680 3238 ex
712 3176 939 3240 axiomatibus
969 3176 1159 3240 constitutis
1190 3194 1299 3239 rursus
1325 3175 1456 3256 experi-

337 3404 362 3438 ²⁹
378 3407 485 3462 ‘Loose
497 3407 595 3476 twigs!
633 3408 756 3478 ‘Scopas
768 3407 938 3477 dissolvere‚’
951 3419 981 3464 to
997 3407 1075 3462 untie
1087 3427 1104 3462 a
1117 3409 1223 3476 broom,
1237 3427 1294 3463 was
1307 3427 1324 3462 a
1337 3411 1455 3478 proverb

303 3491 346 3544 sor
363 3489 501 3560 throwing
518 3490 657 3560 anything
668 3491 727 3547 into
744 3492 890 3548 confusion
908 3493 966 3546 and
983 3492 1119 3547 disorder.
1156 3493 1210 3547 See
1224 3490 1331 3559 Cicero,
1346 3493 1455 3561 Orator,

302 3573 346 3628 ch.
360 3586 391 3639 71
404 3591 410 3628 :
431 3574 500 3628 ‘lsti
513 3583 606 3628 autern
619 3591 683 3629 cum
695 3575 850 3631 dissolvunt
863 3575 1028 3642 orationem,
1042 3575 1070 3628 in
1084 3592 1138 3645 qua
1151 3592 1204 3629 nec
1217 3592 1261 3628 res
1274 3591 1327 3630 nec
1339 3577 1455 3630 verbum

302 3657 388 3712 ullum
408 3667 459 3724 est,
482 3656 535 3710 nisi
557 3657 717 3726 abjectum:
745 3675 802 3713 non
821 3661 959 3728 clypeum,
980 3659 1038 3724 sed,
1058 3667 1087 3712 ut
1109 3659 1138 3712 in
1161 3657 1308 3727 proverbio
1326 3669 1369 3713 est
1392 3657 1455 3727 (etsi

304 3739 436 3795 humilius
454 3739 561 3794 dictum
579 3751 630 3808 est,
650 3753 745 3797 tamen
764 3743 910 3798 consimile
929 3741 983 3810 est)
1003 3758 1104 3810 scopas
1123 3741 1191 3795 mihi
1205 3741 1337 3795 videntur
1355 3741 1455 3797 dissol-

303 3823 384 3878 vere!
420 3824 513 3878 There
531 3823 555 3879 is
572 3842 589 3879 a
606 3824 713 3880 similar
731 3826 902 3896 application
922 3827 953 3881 oi
969 3825 1017 3879 the
1036 3826 1153 3896 proverb
1171 3824 1198 3878 in
1218 3825 1266 3879 the
1284 3824 1408 3895 Epistles
1427 3836 1455 3881 to

302 3906 420 3972 Atticus,
432 3905 480 3961 lib.
493 3905 538 3960 vii.
553 3925 595 3978 ep.
608 3923 659 3976 v13:
681 3908 730 3964 ‘L.
745 3910 897 3964 Caesarem
913 3908 971 3963 vidi
990 3906 1150 3974 Minturnis,
1164 3924 1229 3961 curn
1246 3907 1455 3963 absurdissimis

302 3988 454 4056 mandatis,
473 4007 530 4044 non
549 3991 700 4059 hominem,
720 3992 770 4048 sed
793 4008 893 4062 scopas
915 3991 1038 4047 solutas!
1075 3992 1138 4045 The
1159 3992 1278 4061 proverb
1299 4007 1365 4060 may
1384 3992 1455 4046 have

302 4073 359 4128 had
372 4073 407 4128 its
426 4074 515 4144 origin
534 4074 563 4128 in
582 4075 630 4130 the
645 4077 732 4130 Fable
751 4076 783 4130 os
792 4077 839 4132 the
858 4077 963 4131 Father
980 4075 1038 4131 and
1057 4073 1101 4129 his
1121 4076 1201 4142 Sons,
1216 4075 1264 4129 ‘as
1283 4073 1455 4144 inculcating

306 4157 413 4225 Unity!

338 4237 360 4270 ³⁰
380 4241 434 4295 See
458 4241 506 4296 the
528 4259 646 4313 passage
664 4243 736 4299 srom
757 4244 804 4298 the
830 4245 875 4299 De
894 4242 1071 4314 Augmentis‚
1091 4242 1138 4297 lib.
1161 4262 1186 4297 v.
1209 4259 1271 4313 cap.
1294 4257 1319 4310 2,
1342 4242 1455 4311 already

305 4325 409 4394 quoted
422 4324 450 4377 in
464 4335 530 4380 note
543 4326 578 4391 76
590 4336 620 4380 to
632 4328 706 4397 Aph.
720 4339 763 4393 70.

339 4405 359 4435 ³¹
378 4405 490 4477 ὕστερον
507 4411 652 4480 πρότερον;
670 4409 822 4480 observing
840 4428 878 4466 no
896 4410 979 4466 order
999 4428 1031 4465 or
1052 4411 1177 4479 method,
1197 4427 1237 4476 or,
1257 4409 1388 4480 perhaps,
1408 4408 1456 4463 the

306 4505 401 4558 wrong
413 4490 503 4546 order.
