3358 5152
718 387 796 444 rra.
819 387 845 440 r.
871 395 922 461 71.
1284 439 1286 444 .
1330 384 1391 468 263

241 550 464 635 Protagoram,
481 551 652 634 Hippiam,
667 550 793 627 Polum,
809 555 910 617 etiam
927 554 1077 620 universo
1092 557 1204 638 generi
1220 545 1391 640 competit,

241 654 380 734 Platoni,
402 655 587 734 Aristoteli,
613 656 748 735 Zenoni,
772 659 926 741 Epicuro,
949 659 1191 741 Theophrast0,
1214 669 1248 724 et
1275 680 1389 724 eorum

238 760 488 837 successoribus,
520 757 717 842 Chrysippo,
750 758 920 840 Carneadi,
951 761 1091 844 reliquis.
1148 763 1224 828 Hoc
1255 773 1386 827 tantum

239 863 412 927 intererat:
447 863 537 944 quod
565 863 656 945 prius
682 884 787 946 genus
813 885 935 947 vagum
962 867 1058 929 suerit
1084 875 1118 930 et
1145 868 1391 942 mercenarium,

239 967 388 1030 civitates
413 966 705 1045 circumcursando,
730 978 763 1030 et
787 970 983 1051 sapientiam
1008 990 1102 1032 suam
1127 973 1334 1049 ostentando,
1357 981 1390 1034 et

240 1071 423 1134 mercedem
449 1071 635 1152 exigendo;
669 1070 809 1134 alterum
833 1093 909 1135 vero
938 1070 1101 1136 solennius
1130 1084 1164 1138 et
1190 1077 1388 1156 generosius,

238 1175 363 1256 quippe
379 1194 492 1238 eorum
508 1175 565 1256 qui
581 1175 677 1238 sedes
688 1173 774 1238 fixas
786 1175 979 1253 habuerunt,
991 1187 1024 1240 et
1040 1177 1170 1242 scholas
1186 1189 1393 1260 aperueruut,

239 1288 272 1341 et
305 1279 407 1360 gratis
439 1278 664 1362 philosophati
698 1291 784 1343 sunt.
831 1279 899 1343 Sed
935 1290 1046 1344 tamen
1078 1293 1255 1364 utrumque
1285 1304 1391 1365 genus

239 1379 330 1467 (licet
355 1393 485 1447 caetera
512 1379 637 1468 dispar)
660 1383 892 1465 professorium
919 1395 998 1462 erat,
1022 1387 1121 1448 etad
1148 1387 1391 1468 disputationes

238 1507 307 1550 rem
323 1487 516 1566 deducebat,
529 1496 562 1551 et
577 1497 684 1550 sectas
699 1490 861 1570 quasdam
876 1499 978 1570 atque
994 1489 1145 1553 haereses
1158 1490 1391 1572 philosophiae

238 1591 432 1656 instituebat
455 1601 489 1654 et
511 1594 763 1674 propugnabat:
796 1605 833 1658 ut
856 1603 964 1658 esseut
988 1595 1055 1657 fere
1077 1596 1248 1658 doctrinae
1275 1615 1388 1659 eorum

238 1693 342 1780 (quod
366 1717 431 1760 non
455 1696 542 1759 male
564 1697 736 1760 cavillatus
757 1707 806 1760 est
824 1699 1005 1779 Dionysius
1022 1699 1054 1760 in
1073 1697 1259 1784 Platonem)
1285 1699 1390 1762 Verba

238 1802 411 1864 otiosorum
426 1822 538 1864 senum
554 1801 602 1864 ad
614 1801 965 1885 imperitosyuvenestt.
1001 1803 1051 1866 A:
1067 1803 1270 1885 antiquiores
1283 1802 1328 1865 illi
1346 1824 1390 1866 ex

239 1903 420 1982 Graecis⁸⁷‚
438 1904 668 1988 Empedocles,
689 1905 924 1989 Anaxagoras,
945 1905 1145 1990 Leucippus,
1168 1907 1389 1980 Democritus

240 2007 461 2082 Parmenides,
484 2007 683 2086 Heraclitus,
703 2008 936 2090 Xenophanes,
957 2009 1133 2086 Philolaus,
1155 2009 1272 2092 reliqui
1295 2007 1388 2095 (nam

239 2110 474 2194 Pythagoram,
498 2119 535 2174 ut
560 2112 827 2193 superstitiosum
837 2111 873 2190 ⁸⁸,
896 2111 1103 2198 omittimus),
1126 2112 1257 2178 scholas
1283 2109 1387 2198 (quod

238 2213 403 2300 novimus)
429 2235 493 2278 non
520 2225 735 2298 aperuerunt:
771 2217 829 2282 sed
858 2217 982 2298 majore
1009 2217 1149 2291 silentio
1172 2227 1206 2280 et
1232 2216 1387 2294 severius,

238 2329 272 2385 et
302 2319 489 2401 simplicius,
519 2319 552 2382 id
583 2330 642 2396 est,
674 2319 800 2384 minore
833 2341 908 2386 cum
940 2321 1149 2384 affectatione
1179 2331 1213 2385 et
1243 2329 1390 2385 ostenta-

238 2425 337 2499 tione,
362 2425 406 2486 ad
433 2423 678 2504 inquisitionem
706 2424 855 2489 veritatis
881 2446 917 2487 se
944 2425 1163 2489 contulerunt.
1210 2426 1329 2506 ltaque
1355 2434 1390 2488 et

238 2529 365 2603 melius,
386 2538 422 2591 ut
445 2527 650 2605 arbitramur,
666 2547 704 2596 ,se
727 2540 919 2612 gesserunt3
950 2530 1014 2593 nisi
1038 2530 1128 2611 quod
1151 2549 1253 2611 opera
1275 2549 1388 2591 eorum

238 2653 258 2694 a
284 2631 461 2694 levioribus
492 2631 572 2709 istiS,
596 2632 653 2713 qui
680 2632 809 2715 vulgari
839 2633 951 2716 captui
982 2644 1016 2697 et
1046 2633 1179 2696 affectui
1209 2633 1315 2714 magis
1341 2652 1391 2696 re-

237 2737 402 2818 spondent
425 2756 464 2800 ac
486 2735 627 2818 placent,
643 2745 750 2800 tractu
774 2738 932 2819 temporis
955 2737 1104 2801 extincta
1127 2737 1211 2800 sint:
1239 2747 1390 2819 tempore

238 2837 288 2924 (ut
304 2835 418 2923 fluvio)
435 2838 557 2902 leviora
572 2848 606 2903 et
621 2842 728 2922 magis
749 2839 865 2904 inflata
886 2843 928 2905 ad
948 2861 1008 2903 nos
1029 2839 1223 2918 devehente,
1239 2840 1391 2922 graviora

272 3129 294 3162 ⁸⁸
313 3132 375 3186 The
392 3140 467 3201 story
483 3131 505 3185 is
522 3131 605 3200 given
622 3133 661 3200 by
678 3130 821 3200 Diogenes
837 3129 974 3198 Laertius,
989 3130 1037 3186 lib.
1054 3130 1091 3184 iii.
1109 3147 1196 3199 segm.
1213 3131 1264 3185 18:
1283 3132 1344 3200 Tple
1362 3130 1390 3184 δὲ

236 3214 380 3268 πέπλευκεν
398 3215 434 3269 eis
454 3215 579 3268 Σικελίαν·
609 3219 711 3282 πρῶτον
729 3215 777 3284 μέν
795 3215 857 3268 κατὰ
876 3213 936 3268 θέαν
954 3215 999 3282 τῆς
1018 3213 1098 3283 νήσου
1116 3217 1157 3267 καὶ
1178 3219 1229 3267 τῶν
1249 3213 1390 3282 κρατήρων,

237 3298 279 3352 ὅτε
292 3299 333 3351 καὶ
347 3296 482 3352 Διονύσιος
494 3299 509 3351 ὁ
521 3294 719 3367 Ἑρμοκράτους,
736 3296 859 3365 τύραννος
874 3296 917 3365 ὧν,
930 3293 1075 3367 ἠνάγκασεν
1089 3297 1157 3350 ὥστε
1172 3297 1298 3364 συμμίξαι
1314 3296 1390 3368 αὐτῷ.

237 3383 251 3434 ό
270 3381 306 3451 δέ,
327 3381 507 3452 διαλεγόμενος
523 3382 583 3450 περὶ
601 3381 756 3450 τυραννίδος,
773 3381 814 3434 καὶ
830 3381 941 3449 φάσκων
959 3380 994 3434 ὣς
1012 3380 1057 3433 οὐκ
1076 3381 1134 3434 ἔστι
1149 3383 1227 3434 τοῦτο
1244 3382 1359 3449 κρεῖττον
1375 3377 1390 3432 ὃ

237 3463 375 3535 συμφέρον
386 3464 455 3537 αὐτῷ
466 3466 552 3533 μόνον,
566 3463 588 3517 εἷ
600 3464 634 3533 μὴ
647 3464 687 3517 καὶ
704 3462 781 3533 ἀρετῇ
798 3463 928 3534 διαφέροι,
939 3462 1136 3533 προσέκρουσεν
1152 3461 1229 3533 αὐτῷ·
1257 3462 1391 3532 ὀργισθεὶς

235 3549 296 3618 γάρ,
310 3549 341 3600 Ol
354 3545 429 3617 λόγοι
442 3569 500 3613 σου,
513 3547 591 3616 φησί,
605 3551 766 3619 γεροντιῶσι·
786 3548 826 3600 καὶ
839 3546 875 3615 iis,
888 3551 938 3600 Σοῦ
951 3547 981 3600 δέ
991 3567 1022 3617 γε
1035 3550 1212 3615 τυραννιῶσιν.

272 3629 293 3660 ⁸²
315 3632 355 3686 M.
369 3631 488 3686 Bouillet
504 3633 572 3685 calls
594 3631 730 3686 attention
747 3640 775 3685 to
792 3649 809 3684 a
826 3647 946 3700 passage
964 3631 992 3684 in
1009 3630 1057 3685 the
1074 3629 1247 3698 Redargutio
1265 3628 1389 3682 Philoso-

237 3713 366 3784 phiarum
378 3715 424 3783 (E.
434 3714 492 3768 and
505 3717 542 3781 S.‚
552 3714 607 3768 vol.
618 3713 654 3768 iii.
665 3730 713 3784 pp.
726 3715 784 3781 569,
796 3713 869 3782 570),
879 3713 1004 3782 showing
1013 3714 1061 3768 the
1071 3712 1210 3781 diligence
1222 3711 1285 3766 with
1297 3709 1388 3765 which

238 3799 335 3852 Bacon
348 3798 492 3868 professed
505 3808 534 3852 to
546 3798 618 3852 have
632 3797 743 3851 studied
756 3798 835 3852 these
849 3796 1060 3867 philosophers:
1081 3796 1203 3852 ‘Scitote
1216 3812 1267 3849 nos
1280 3811 1391 3849 summa

237 3898 302 3936 curn
316 3881 459 3950 diligentia
475 3891 502 3936 et
520 3898 586 3935 cura
602 3898 699 3936 omnes
712 3882 756 3936 vel
773 3879 952 3934 tenuissimas
965 3896 1048 3933 auras
1066 3878 1139 3933 circa
1155 3879 1254 3933 horum
1268 3878 1390 3932 virorum

237 3963 381 4034 opiniones
393 3975 421 4018 et
432 3964 535 4034 placita
552 3974 699 4035 captasse:
719 3975 749 4019 ut
767 3963 900 4034 quicquid
915 3964 951 4017 de
970 3962 1033 4029 illis,
1045 3964 1089 4016 vel
1108 3962 1175 4015 dum
1193 3962 1230 4015 ab
1242 3961 1391 4015 Aristotele

237 4047 423 4114 confutantur,
443 4049 487 4103 vel
509 4048 578 4101 dum
599 4064 616 4102 a
640 4048 755 4102 Platone
775 4058 804 4102 et
827 4047 962 4102 Cicerone
983 4045 1111 4112 citantur,
1131 4045 1175 4098 vel
1198 4045 1226 4098 in
1250 4042 1390 4097 Plutarchi

237 4129 378 4196 fasciculo,
398 4131 441 4183 vel
460 4130 488 4184 in
508 4129 609 4184 Laertii
628 4130 700 4197 vitis,
720 4131 764 4185 vel
787 4129 815 4183 in
839 4129 958 4184 Lucretii
981 4137 1117 4198 poemate,
1137 4128 1181 4181 vel
1203 4127 1230 4180 in
1252 4125 1390 4196 aliquibus

236 4211 408 4282 fragmentis,
421 4214 465 4268 vel
478 4212 506 4266 in
520 4213 617 4284 quavis
630 4213 685 4268 alia
698 4231 796 4284 sparsa
809 4213 944 4267 memoria
955 4223 983 4266 et
999 4210 1149 4278 mentione,
1163 4209 1278 4264 inveniri
1292 4209 1390 4280 possit,

236 4296 421 4352 evolverimus
434 4315 441 4362 ;
461 4313 550 4367 neque
562 4296 665 4352 cursim
678 4306 725 4351 aut
738 4295 929 4366 contemptim,
943 4294 993 4349 sed
1005 4311 1070 4348 cum
1083 4293 1138 4347 fide
1150 4303 1178 4347 et
1192 4291 1389 4347 deliberatione

234 4378 505 4436 examinaverimus!

272 4461 294 4493 ⁸⁸
314 4465 364 4532 Cp.
378 4463 452 4533 Aph.
465 4464 510 4532 65.
