3342 5152
291 409 356 474 394
667 395 821 452 NOVUM
843 395 1061 452 ORGANUM.

291 582 446 637 concav0,
470 561 556 628 collo
582 563 673 627 tenui
704 572 737 627 et
762 561 929 646 oblongo;
961 561 1166 645 resupinetur
1189 571 1222 624 et
1247 559 1439 624 demittatur

291 665 480 750 hujusmodi
498 669 629 744 vitrum,
649 687 705 731 ore
723 668 877 732 deorsum
897 687 1001 740 verso,
1016 676 1129 730 ventre
1148 686 1287 742 sursum,
1303 667 1335 728 in
1350 665 1437 729 aliud

290 770 460 836 vasculum
476 773 615 836 vitreum
632 772 688 834 ubi
704 772 746 835 sit
761 792 857 854 aqua,
873 772 1041 855 tangendo
1062 770 1199 834 fundum
1214 769 1338 833 vasculi
1354 768 1438 832 illius

292 875 475 958 recipientis
488 870 648 938 'extremo
671 895 727 940 ore
747 876 822 940 vitri
844 876 990 950 immissi,
1012 885 1046 939 et
1067 874 1235 938 incumbat
1254 871 1437 957 paullulum

291 980 366 1043 vitri
385 980 522 1043 immissi
538 979 659 1045 collum
675 982 717 1044 ad
738 1001 775 1044 os
790 980 865 1044 vitri
885 980 1079 1063 recipientis,
1094 979 1140 1042 ita
1156 990 1193 1043 ut
1208 989 1294 1042 stare
1316 979 1438 1061 possit3

292 1084 382 1164 quod
404 1094 440 1147 ut
463 1083 670 1148 commodius
692 1083 759 1160 fiat,
777 1093 963 1166 apponatur
986 1101 1102 1166 pamm
1126 1102 1221 1145 cerae
1242 1083 1284 1146 ad
1308 1102 1345 1145 os
1364 1080 1439 1143 vitri

292 1187 498 1270 recipientis3
526 1189 572 1250 ita
595 1196 708 1250 tamen
735 1197 859 1250 utnon
883 1187 1015 1268 penitus
1039 1186 1212 1251 obturetur
1234 1207 1272 1248 os
1297 1184 1376 1267 ejus,
1398 1205 1439 1247 ne

291 1292 335 1354 ob
356 1291 521 1356 defectum
545 1292 629 1354 aeris
649 1292 853 1356 succedentis
876 1291 1074 1373 impediatur
1093 1301 1203 1355 motus
1222 1290 1266 1353 de
1285 1309 1352 1371 quo
1369 1288 1438 1370 jam

290 1397 425 1471 dicetur,
442 1397 498 1478 qui
515 1406 564 1460 est
580 1396 762 1460 admodum
778 1395 880 1460 facilis
894 1405 929 1460 et
944 1393 1112 1459 delicatus.
1263 1391 1270 1396 ’

335 1500 476 1583 Oportet
497 1510 609 1564 autem
633 1511 669 1564 ut
689 1502 809 1564 vitrum
829 1501 1018 1578 demissum,
1031 1511 1210 1582 antequam
1232 1500 1394 1563 inseratur
1407 1496 1438 1560 in

291 1603 441 1681 alterum,
464 1603 592 1669 calefiat
619 1605 661 1668 ad
689 1605 798 1687 ignem
827 1626 846 1668 a
872 1615 966 1688 parte
989 1605 1156 1688 superiori,
1174 1613 1286 1668 ventre
1309 1601 1438 1666 scilicet

293 1707 473 1790 Postquam
496 1719 607 1773 autem
633 1707 729 1771 fuerit
752 1709 871 1772 vitrum
895 1708 975 1773 illud
998 1709 1204 1783 collocatum,
1225 1717 1261 1770 ut
1283 1707 1439 1782 diximus,

292 1813 424 1895 recipiet
435 1823 468 1876 et
480 1811 652 1876 contrahet
663 1833 699 1876 sc
711 1819 768 1876 ae'r
776 1807 846 1896 (qui
856 1812 1014 1876 dilatatus
1025 1821 1096 1876 erat
1105 1832 1163 1894 per
1172 1805 1439 1892 calefactionem),

292 1926 368 1997 post
384 1936 512 1979 moram
533 1916 746 1980 sufficientem
768 1937 828 2000 pro
843 1917 1044 1980 extinctione
1063 1915 1148 1978 illius
1164 1914 1294 1979 ascititii
1315 1910 1440 1988 caloris,

291 2020 332 2082 ad
349 2020 449 2083 talem
465 2021 692 2084 extensionem
714 2022 781 2084 sive
801 2020 1041 2084 dimensionem
1059 2018 1166 2101 qualis
1185 2019 1246 2081 erit
1267 2017 1351 2081 aeris
1369 2036 1439 2079 arn-

292 2123 409 2186 bientis
423 2134 481 2187 aut
497 2125 680 2188 communis
695 2135 773 2188 tunc
789 2124 947 2206 temporis
958 2124 1091 2206 quando
1108 2121 1295 2186 immittitur
1310 2122 1440 2192 vitrum,

291 2237 391 2308 atque
417 2228 563 2292 attrahet
589 2249 710 2310 aquarn
737 2229 769 2291 in
796 2248 926 2292 sursum
955 2228 999 2291 ad
1029 2226 1218 2309 hujusmodi
1244 2244 1438 2288 mensuram.

293 2331 403 2393 Debet
417 2341 532 2395 autem
553 2331 697 2415 appendi
718 2330 834 2396 charta
853 2341 993 2414 angusta
1011 2339 1045 2394 et
1065 2329 1220 2413 oblonga,
1236 2338 1270 2392 et
1285 2327 1441 2412 gradibus

291 2432 386 2518 (quot
409 2433 553 2520 libuerit)
577 2437 792 2500 interstincta.
836 2434 974 2500 Videbis
995 2446 1116 2512 autem,
1139 2443 1238 2517 prout
1261 2442 1441 2516 tempestas

291 2539 356 2602 diei
379 2539 544 2604 incalescit
567 2551 625 2604 aut
645 2539 798 2622 frigescit,
817 2547 928 2602 ae'rem
949 2560 985 2602 se
1007 2538 1198 2604 contrahere
1219 2539 1252 2601 in
1272 2537 1441 2620 angustius

292 2663 350 2725 per
370 2642 527 2725 frigidum
548 2654 581 2707 et
602 2645 783 2707 extendere
805 2662 841 2706 se
864 2643 896 2706 in
916 2640 1014 2706 latius
1035 2663 1094 2725 per
1114 2641 1275 2717 calidum;
1300 2642 1333 2704 id
1351 2641 1441 2721 quod

291 2747 510 2829 conspicietur
527 2769 587 2830 per
606 2768 727 2829 aquam
748 2748 979 2811 ascendentem
999 2746 1133 2828 quando
1153 2745 1356 2809 contrahitur
1376 2750 1441 2816 aer,

291 2860 323 2913 et
339 2851 593 2914 descendentem
614 2852 683 2915 sive
704 2853 896 2935 depressum
914 2851 1048 2932 quando
1072 2849 1229 2913 dilatatur
1247 2855 1313 2911 aer.
1359 2845 1441 2910 Sen-

290 2975 345 3018 sus
367 2964 479 3018 autem
503 2955 596 3032 aeris,
619 2965 780 3037 quatenus
802 2956 844 3019 ad
868 2954 1011 3020 calidum
1033 2963 1068 3017 et
1091 2953 1255 3036 frigidum,
1275 2962 1343 3015 tam
1366 2952 1442 3014 sub-

292 3058 358 3121 tilis
380 3068 430 3122 est
457 3069 491 3121 et
516 3059 700 3140 exquisitus
728 3069 763 3122 ut
790 3058 981 3124 facultatem
1008 3067 1116 3121 tactus
1140 3056 1275 3121 humani
1302 3055 1441 3119 multum

292 3170 442 3244 superet3
465 3163 549 3226 adeo
565 3173 601 3226 ut
618 3161 695 3226 solis
710 3163 820 3226 radius
836 3162 963 3245 aliquis,
975 3172 1033 3226 aut
1048 3160 1137 3225 calor
1152 3159 1324 3238 anhelitus,
1336 3157 1441 3223 multo

294 3265 397 3346 magis
424 3265 512 3329 calor
539 3286 663 3343 manus,
689 3286 787 3349 super
813 3267 888 3329 vitri
915 3266 1141 3329 summitatem
1167 3265 1305 3348 positus»,
1329 3264 1440 3327 statim

292 3368 456 3450 deprimat
489 3390 610 3452 aquarn
648 3369 831 3433 manifesto.
885 3369 1049 3433 Attamen
1081 3369 1311 3433 existimamus
1348 3367 1442 3451 spiri-

292 3481 364 3535 tum
394 3471 621 3536 animalium⁶⁷
650 3474 754 3556 magis
783 3473 891 3540 adhuc
925 3473 1128 3555 exquisitum
1160 3493 1290 3536 sensum
1321 3470 1442 3535 habere

292 3575 389 3639 calidi
419 3587 452 3639 et
481 3575 600 3660 frigidi,
626 3578 687 3641 nisi
713 3578 802 3659 quod
833 3599 855 3641 a
881 3578 969 3641 mole
998 3597 1158 3660 corporea
1185 3577 1383 3659 impediatur
1409 3585 1441 3638 et

293 3680 474 3744 hebetetur.

337 3802 388 3868 39.
412 3784 491 3847 Post
506 3791 625 3862 aerem,
640 3785 868 3850 existimamus
884 3806 1021 3868 corpora
1037 3806 1107 3849 esse
1127 3785 1274 3848 maxime
1289 3783 1443 3846 sensitiva

293 3886 410 3953 caloris
425 3909 464 3951 ea
479 3909 564 3970 quae
581 3911 600 3954 a
618 3890 737 3972 frigore
759 3900 904 3954 recenter
920 3891 1096 3954 immutata
1113 3891 1179 3953 sint
1193 3899 1227 3952 et
1245 3907 1443 3969 compressa,

328 4093 350 4124 ⁸³
370 4093 441 4149 This
458 4093 571 4148 remark
588 4093 611 4149 is
630 4093 659 4147 in
679 4095 851 4150 accordance
865 4095 931 4149 with
952 4096 1069 4149 Bacon's
1088 4093 1220 4162 ordinary
1231 4091 1397 4162 conception
1415 4091 1448 4146 of

293 4176 406 4247 ‘spiriu'
419 4178 477 4231 and
489 4176 639 4247 especially
652 4177 682 4231 of
692 4177 775 4231 ‘vital
788 4177 885 4247 spirit,’
899 4197 931 4232 as
944 4178 992 4233 the
1004 4187 1077 4232 most
1091 4178 1197 4233 refined
1214 4176 1271 4231 and
1283 4175 1403 4230 delicate
1415 4175 1448 4229 of

293 4261 329 4313 all
343 4261 516 4314 substances.
555 4261 588 4313 ln
601 4260 648 4314 the
663 4259 789 4314 Historia
801 4261 883 4316 Vitae
899 4271 928 4316 et
940 4261 1040 4316 Mortis
1054 4261 1100 4329 (E.
1113 4261 1169 4315 and
1183 4262 1221 4326 S.‚
1234 4260 1288 4314 vol.
1301 4256 1328 4312 ii.
1342 4275 1367 4328 p.
1379 4259 1442 4327 215)

295 4345 330 4397 he
343 4342 458 4412 regards
471 4343 552 4397 ‘vital
566 4343 660 4413 spirit¹
674 4361 707 4398 as
719 4344 871 4413 composed
883 4345 914 4399 of
928 4344 971 4399 air
986 4345 1043 4399 and
1056 4345 1146 4399 dame
1184 4345 1325 4398 ‘Alterum
1346 4341 1443 4397 discri-

294 4442 358 4480 men
369 4426 442 4481 inter
451 4426 563 4496 spiritus
573 4437 632 4494 est;
651 4427 727 4497 quod
737 4427 850 4497 spiritus
859 4427 949 4482 vitalis
960 4429 1122 4482 nonnullam
1132 4429 1234 4483 habeat
1244 4425 1442 4495 incensionem,

295 4521 378 4580 atque
392 4508 428 4564 sit
441 4518 574 4580 tanquam
588 4528 656 4566 aura
669 4510 824 4581 composita
835 4529 869 4568 ex
882 4511 996 4566 flamma
1008 4521 1037 4567 et
1049 4514 1129 4567 aere.¹
