3358 5152
705 398 785 454 ΜΒ.
810 397 835 456 Ι.
860 387 909 476 83.
1324 389 1383 457 281

237 573 347 629 menta
374 584 478 641 nova;
511 583 614 646 quum
642 583 702 629 nec
724 565 861 628 verbum
884 562 1032 627 divinum
1056 562 1089 626 in
1112 584 1218 627 rerum
1242 585 1384 628 massam

234 670 361 751 absque
377 668 490 732 ordine
505 677 678 750 operatum
695 669 744 732 sit.

280 773 398 856 Itaque
413 772 564 835 desinant
579 771 729 836 homines
751 771 861 837 mirari
884 771 911 836 si
931 772 1074 855 spatium
1092 773 1300 837 scientiarum
1320 792 1386 835 non

235 878 418 941 conlectum
435 877 486 950 sit,
505 896 580 940 cum
596 897 616 940 a
631 877 684 939 via
705 876 839 940 omnino
861 876 1103 952 aberraverint,
1126 876 1238 941 relicta
1254 896 1386 960 prorsus

235 989 269 1044 et
295 981 426 1044 deserta
451 980 667 1062 experientia,
690 990 749 1043 aut
774 980 806 1042 in
831 981 902 1064 ipsa
926 981 1099 1064 (tanquam
1127 979 1158 1043 in
1183 975 1386 1064 labyrintho)

235 1105 270 1150 se
286 1085 470 1148 intricando
486 1093 520 1148 et
535 1084 819 1148 circumcursando
834 1107 841 1158 3
866 1104 941 1149 cum
961 1084 1022 1149 rite
1041 1085 1211 1148 Institutus
1227 1086 1311 1148 ordo
1327 1105 1387 1167 per

235 1189 458 1272 experientiae
473 1188 583 1270 sylvas
595 1185 622 1226 ³²
638 1188 681 1252 ad
700 1199 816 1271 aperta
839 1189 1049 1256 axiomatum
1071 1189 1204 1252 tramite
1221 1189 1385 1253 constanti

258 1301 343 1358 ucat.

700 1395 904 1460 LXXXIII.

277 1519 436 1583 Excrevit
451 1529 563 1583 autem
580 1518 699 1582 mirum
716 1519 748 1582 in
763 1520 901 1582 modum
921 1519 1009 1583 istud
1026 1518 1150 1582 malum
1167 1538 1210 1581 ex
1227 1516 1383 1601 opinione

234 1625 377 1704 quadam
397 1623 465 1686 sive
486 1622 715 1687 aestimatione
738 1622 1065 1700 inveterataverum
1088 1621 1216 1687 tumida
1235 1632 1268 1687 et
1289 1623 1384 1686 dam-

232 1746 335 1802 nosa3
360 1725 462 1790 minui
487 1747 606 1810 nempe
629 1725 748 1791 mentis
771 1728 937 1791 humanae
960 1727 1179 1808 majestatem,
1200 1726 1228 1791 si
1252 1727 1384 1810 experi-

232 1832 360 1908 mentiS,
376 1841 410 1894 et
429 1831 526 1894 rebus
547 1830 800 1914 particularibus
823 1831 933 1895 sensui
955 1830 1113 1912 subjectis
1136 1842 1170 1895 et
1191 1831 1223 1894 in
1243 1831 1383 1894 materia

231 1936 466 2009 determinatis,
496 1935 551 1999 diu
583 1956 622 2001 ac
663 1935 803 2000 multum
843 1946 1010 2000 versetur:
1049 1937 1240 2020 praesertim
1280 1956 1382 2018 quum

230 2039 419 2121 hujusmodi
451 2060 502 2103 res
528 2041 571 2103 ad
603 2039 831 2123 inquirendum
858 2041 1053 2119 laboriosae,
1080 2041 1123 2105 ad
1153 2040 1381 2104 meditandum

231 2143 402 2226 ignobiles,
432 2145 476 2207 ad
506 2143 682 2208 dicendum
720 2166 866 2229 asperae,
901 2145 945 2209 ad
981 2145 1160 2228 practicam
1196 2143 1382 2222 illiberaleS,

231 2267 366 2311 numero
382 2247 537 2324 Infinitae,
554 2259 587 2312 et
603 2249 788 2313 subtilitate
808 2260 924 2314 tenues
944 2271 1017 2314 esse
1038 2248 1167 2313 soleant
1179 2247 1216 2310 33.
1263 2249 1383 2329 Itaque

226 2347 295 2432 jam
319 2353 455 2415 tandem
475 2352 539 2416 huc
559 2372 611 2415 res
634 2353 740 2430 rediit,
765 2361 802 2416 ut
822 2354 876 2417 via
895 2375 973 2417 vera
995 2373 1061 2416 non
1085 2361 1216 2417 tantum
1240 2351 1371 2415 deserta

229 2454 288 2518 sed
314 2454 414 2518 etiam
441 2455 616 2521 interclusa
642 2467 676 2520 et
701 2457 872 2521 obstructa
898 2459 963 2536 sit;
996 2457 1144 2522 fastidita
1167 2456 1381 2540 experientia,

229 2559 350 2623 nedum
367 2558 488 2638 relicta,
503 2570 561 2624 aut
578 2561 664 2625 male
679 2561 920 2625 administrata.

263 2745 285 2778 33
303 2750 398 2802 Bacon
410 2765 480 2817 gave
493 2749 541 2803 the
554 2748 613 2804 title
626 2749 659 2804 oi
674 2750 777 2818 ‘Sylva
791 2749 955 2819 Sylvarum’
968 2760 996 2804 to
1016 2749 1060 2802 his
1074 2750 1082 2778 ‘
1094 2751 1154 2802 Ten
1168 2747 1313 2803 Centuries
1325 2747 1331 2770 ¹
1351 2747 1383 2802 of

228 2830 364 2886 ‘Natural
379 2832 511 2901 History.’

264 2916 315 2968 Dr.
329 2915 444 2969 Kitchin
459 2926 566 2986 quotes,
580 2933 612 2970 as
630 2915 797 2986 illustrating
812 2917 867 2972 this
883 2916 1039 2986 metaphor,
1057 2932 1094 2970 an
1113 2914 1241 2985 apposite
1260 2930 1379 2985 passage

226 2997 298 3052 from
317 3015 370 3052 one
391 2999 422 3052 oi
438 2999 557 3054 Bacon's
578 3001 761 3069 Fragments:
782 3001 850 3055 ‘We
868 3001 1029 3055 endeavour
1041 3008 1070 3053 to
1082 3007 1226 3068 penetrate
1238 2999 1295 3052 and
1312 3015 1378 3068 pass

227 3081 347 3150 through
361 3081 407 3136 the
420 3084 515 3137 woods
529 3084 560 3137 oi
577 3085 692 3150 Nature,
704 3084 783 3138 thick
795 3093 837 3139 set
849 3084 906 3138 and
917 3082 1063 3138 darkened
1076 3081 1142 3136 with
1155 3091 1259 3152 agreat
1273 3082 1380 3152 variety

226 3165 258 3218 oi
266 3164 459 3234 experiments,
473 3183 505 3219 as
519 3165 583 3221 with
601 3166 712 3232 leaves;
732 3167 789 3221 and
808 3167 957 3236 entangled
974 3164 1030 3220 and
1050 3165 1153 3220 twined
1169 3166 1306 3234 together,
1323 3165 1379 3220 lilre

226 3248 326 3302 shrubs
351 3248 408 3302 and
432 3248 545 3317 bushes,
566 3249 632 3304 with
657 3251 704 3305 the
729 3250 845 3319 subtilty
865 3251 895 3304 oi
916 3249 1119 3304 observations.
1156 3249 1210 3303 We
1235 3266 1283 3304 are
1306 3267 1378 3314 now,

226 3333 355 3402 perhaps,
372 3331 542 3402 proceeding
557 3343 587 3388 to
605 3333 653 3388 the
670 3350 748 3387 more
766 3350 839 3403 open
858 3343 935 3403 parts
949 3333 980 3386 oi
996 3335 1115 3400 Nature,
1128 3331 1228 3399 which,
1242 3333 1378 3400 however,

225 3432 273 3468 are
290 3415 346 3469 still
361 3432 439 3469 more
457 3416 590 3484 difficult;
610 3417 674 3484 and,
691 3416 796 3486 having
812 3426 861 3486 got
877 3415 998 3486 through
1014 3417 1061 3472 the
1074 3416 1177 3483 woods,
1191 3433 1239 3470 are
1257 3427 1378 3471 corneto

226 3498 272 3553 the
284 3500 393 3553 bottom
406 3499 436 3552 oi
445 3500 493 3553 the
506 3500 682 3554 mountaIns.'

259 3579 281 3611 33
302 3583 335 3635 In
352 3583 399 3636 the
417 3583 548 3652 Cogitata
565 3593 593 3638 et
605 3583 674 3636 Visa
688 3582 734 3650 (E.
747 3583 803 3638 and
818 3585 855 3648 S,
869 3583 922 3637 vol.
936 3582 973 3638 iii.
987 3601 1031 3653 pp.
1045 3581 1145 3651 600-1)
1166 3584 1261 3637 Bacon
1279 3583 1378 3638 makes

224 3665 271 3719 the
289 3682 367 3720 same
384 3666 540 3734 reflexibus,
553 3666 610 3720 and
628 3667 694 3720 then
713 3667 804 3722 adds:
825 3667 933 3737 ‘Quam
952 3666 1114 3737 opinionem
1136 3665 1198 3721 slve
1214 3666 1300 3720 anImi
1321 3667 1377 3721 dis-

224 3747 389 3818 positionem
409 3749 483 3803 vires
500 3749 636 3804 maximas
654 3750 807 3820 sumpsisse
824 3767 858 3805 ex
871 3751 917 3804 illa
930 3751 1018 3806 altera
1030 3748 1161 3820 opinione
1174 3751 1248 3804 elata
1260 3760 1288 3804 et
1299 3767 1377 3804 com-

224 3831 358 3900 mentitia,
372 3849 427 3902 qua
446 3831 549 3888 veritas
564 3834 707 3887 humanae
727 3834 827 3888 mentis
845 3833 929 3888 veluti
947 3833 1085 3903 indigena,
1101 3851 1152 3888 nee
1169 3833 1282 3889 aliunde
1299 3851 1376 3888 com-

224 3915 362 3985 migrans;
382 3926 410 3971 et
419 3933 518 3970 sensus
528 3917 697 3971 Intellectum
707 3915 798 3986 magis
806 3916 926 3972 excitare
936 3933 1020 3987 quam
1031 3917 1180 3971 informare
1192 3919 1377 3972 asserebatur.

224 3999 323 4069 Neque
336 4009 429 4054 tamen
442 4017 563 4054 errorem
577 4001 658 4066 hunc,
667 4011 694 4054 et
706 4000 808 4055 mentis
822 4000 856 4069 (si
869 4017 967 4054 verum
979 4017 1083 4054 nomen
1098 3999 1256 4070 quaeratur)
1271 4001 1376 4056 aliena·

222 4081 336 4150 tionem,
349 4085 386 4136 ab
403 4083 436 4136 iis
454 4084 510 4138 ulla
528 4101 561 4137 ex
579 4093 657 4153 parte
674 4095 837 4150 correctam,
850 4084 897 4154 qui
913 4085 1009 4138 sensui
1026 4083 1145 4150 debitas,
1160 4082 1188 4136 id
1206 4092 1248 4138 est
1261 4083 1376 4152 primas,

223 4177 316 4237 partes
325 4167 488 4222 tribuerunt.
515 4167 589 4237 Quin
602 4177 630 4221 et
643 4167 695 4221 hos
703 4183 812 4238 quoque
820 4168 948 4237 exemplo
956 4178 984 4222 et
996 4169 1070 4222 facto
1081 4184 1139 4234 suo,
1153 4166 1249 4220 relicta
1262 4183 1375 4236 prorsus

224 4249 351 4304 Naturali
367 4250 482 4304 historia
497 4260 526 4306 et
537 4251 680 4306 mundana
693 4250 939 4321 perambulatione,
953 4249 1046 4304 omnia
1059 4249 1087 4304 in
1102 4249 1211 4318 Ingenii
1224 4249 1375 4319 agitatione

222 4332 358 4403 posuisse,
375 4343 403 4388 et
420 4333 492 4388 inter
506 4334 677 4404 opacissima
693 4333 795 4389 mentis
812 4334 899 4401 Idola,
915 4335 967 4388 sub
984 4333 1112 4404 specioso
1131 4332 1375 4403 contemplationis

222 4415 343 4484 nomine,
365 4428 501 4487 perpetuo
526 4418 683 4472 volutasse.²
719 4419 781 4472 The
803 4419 915 4473 student
935 4417 988 4471 will
1012 4426 1062 4472 not
1086 4416 1133 4471 Iail
1158 4426 1187 4470 to
1212 4415 1304 4470 notice
1325 4415 1374 4471 the

221 4499 430 4570 psychological
442 4499 556 4556 Interest
568 4501 712 4570 attaching
723 4511 752 4556 to
765 4502 812 4558 the
825 4501 901 4570 early
914 4500 1020 4570 partos
1032 4499 1091 4556 this
1104 4499 1258 4571 quotation.
