3342 5152
286 391 351 460 390
665 379 820 436 Novus!
839 379 1059 436 ORGANUM.

287 543 436 628 naphtha
451 551 484 607 et
500 541 667 627 petrelaeo
685 555 719 607 et
739 543 863 606 salibus
879 541 1069 628 (postquam
1092 541 1230 608 materia
1245 541 1344 606 cruda
1362 561 1434 605 eru·

286 646 395 734 perit),
407 659 440 712 et
453 649 485 711 ln
501 649 619 711 honrrn
631 647 938 730 compositionibus,
947 647 1050 711 veluti
1062 647 1198 730 pulvere
1209 646 1434 720 tormentarlo,

287 753 363 835 igne
383 751 549 818 Graeco⁵³
567 752 681 837 (quern
701 750 801 833 vulgo
824 753 933 834 ignem
956 751 1060 815 serum
1079 749 1223 836 vocant),
1243 761 1278 815 et
1300 748 1435 813 diversis

287 855 359 938 ejus
384 855 568 940 generibus,
586 877 673 939 quae
695 867 765 919 tarn
788 857 993 920 obstinatum
1020 856 1145 920 habent
1167 855 1310 920 calorem
1334 865 1372 918 ut
1392 853 1435 918 ab

286 961 380 1044 aquis
396 983 463 1025 non
478 961 573 1026 facile
588 962 833 1043 extinguantur.

332 1083 382 1129 22.
405 1067 645 1130 Existimamus
660 1065 760 1128 etiam
777 1063 957 1142 flammam,
967 1085 1053 1148 quae
1066 1065 1201 1128 resultat
1213 1085 1257 1127 ex
1273 1061 1435 1127 nonnullis

287 1168 429 1234 metallis
448 1169 645 1252 imperfectis
653 1167 691 1242 ⁶⁴,
708 1189 780 1232 esse
794 1168 893 1232 valde
912 1169 1082 1234 robustam
1098 1177 1132 1232 et
1147 1188 1266 1232 acrem.
1311 1167 1435 1230 Verum

285 1273 328 1338 de
344 1275 415 1337 istis
430 1274 583 1338 omnibus
599 1273 780 1358 inquiratur
795 1273 940 1338 ulterius.

331 1395 382 1462 23.
404 1378 547 1442 Videtur
574 1389 687 1442 autem
721 1377 856 1441 flamma
886 1377 1061 1441 fulminum
1092 1373 1352 1460 potentiorum⁵³
1376 1374 1436 1438 has

286 1501 401 1546 omnes
424 1481 576 1546 flammas
597 1503 770 1565 superare;
801 1484 886 1546 adeo
912 1492 948 1546 ut
975 1481 1095 1545 sermm
1122 1481 1230 1562 ipsum
1255 1479 1435 1564 perlectum

285 1587 462 1668 aliquando
482 1586 707 1670 colliquaverit
731 1587 763 1649 ln
785 1597 907 1669 guttas,
929 1587 1019 1669 quod
1041 1584 1195 1650 flammae
1215 1584 1291 1648 illae
1313 1584 1436 1648 alterae

286 1689 393 1754 iacere
410 1711 476 1753 non
492 1700 639 1774 possunt.

332 1811 382 1872 24.
408 1795 446 1856 In
471 1794 582 1878 ignitis
604 1804 716 1857 autern
739 1793 858 1858 diversi
878 1803 955 1859 suut
977 1795 1079 1858 etlam
1100 1796 1223 1877 gradus
1245 1792 1370 1866 caloris,
1393 1791 1437 1854 de

286 1898 406 1980 quibus
417 1900 518 1963 etiam
531 1919 596 1961 non
609 1896 697 1962 iacta
708 1907 758 1961 est
768 1899 907 1980 diligens
921 1899 1096 1980 inquisitio.
1125 1896 1277 1961 Calorem
1290 1897 1437 1960 maxime

286 2001 430 2066 debilem
455 2003 685 2065 existimamus
709 2023 779 2065 esse
804 2022 849 2064 ex
874 2002 976 2066 linteo
999 2013 1083 2074 usto,
1103 2000 1194 2084 quali
1216 2003 1260 2065 ad
1283 1999 1437 2063 flammae

285 2107 523 2170 excitationem
536 2106 582 2169 uti
594 2104 760 2182 solemus;
778 2115 812 2169 et
827 2106 976 2170 similiter
987 2127 1032 2169 ex
1048 2105 1138 2187 ligno
1151 2105 1207 2169 illo
1222 2101 1436 2188 spongiosott

286 2222 344 2274 aut
367 2209 517 2274 funiculis
540 2209 691 2274 arefactis
714 2209 771 2292 qul
794 2211 838 2273 ad
862 2220 1101 2274 tormentorum
1125 2210 1354 2274 accensionem
1377 2207 1437 2272 ad-

286 2313 449 2377 hibentur.
504 2312 583 2377 Post
612 2312 699 2378 hunc
733 2313 881 2396 sequitur
910 2313 1010 2377 carbo
1042 2314 1164 2396 ignitus
1195 2333 1239 2376 ex
1273 2312 1371 2394 lignis
1404 2321 1437 2374 et

286 2417 505 2490 anthraclbus,
529 2425 631 2499 atque
661 2417 762 2481 etlam
793 2437 836 2480 ex
867 2417 1025 2482 lateribus
1056 2417 1175 2500 ignitis,
1202 2426 1237 2482 et
1265 2415 1436 2480 similibus.

288 2522 473 2604 Ignitorum
504 2531 616 2584 autem
647 2519 935 2585 vehementissime
965 2521 1073 2586 calida
1107 2521 1337 2586 existimamus
1366 2538 1438 2582 esse

287 2625 424 2690 metalla
454 2625 566 2709 ignita,
589 2635 626 2689 ut
648 2623 769 2688 sermm
793 2635 827 2688 et
849 2647 986 2708 cuprum
1010 2637 1044 2690 et
1067 2634 1205 2690 caetera.
1249 2623 1373 2688 Verum
1396 2622 1439 2686 de

286 2729 338 2794 his
352 2730 453 2793 etiarn
469 2729 617 2793 iacienda
632 2738 683 2792 est
698 2729 833 2794 ulterior
848 2730 1023 2812 inquisitio.

332 2847 382 2914 25.
408 2833 626 2897 Inveniuntur
647 2853 691 2896 ex
715 2835 828 2918 ignitis
851 2833 1009 2898 nonnulla
1035 2834 1134 2918 longe
1157 2831 1314 2896 calidiora
1337 2850 1437 2912 quarn

288 2937 466 3002 nonnullae
492 2959 536 3000 ex
563 2935 715 3001 flammis.
768 2938 879 3003 Multo
909 2939 996 3002 enim
1027 2938 1165 3003 calidius
1196 2947 1246 3001 est
1272 2946 1305 3000 et
1333 2935 1438 3018 magis

287 3044 430 3106 adurens
445 3041 566 3105 serrum
584 3041 722 3125 ignitum
739 3063 840 3125 quarn
856 3041 991 3106 flamma
1007 3043 1141 3126 spiritus
1154 3041 1229 3104 vini

333 3146 383 3208 26.
408 3146 622 3209 Inveniuntur
646 3147 747 3210 etiarn
778 3167 823 3210 ex
854 3145 914 3210 illis
944 3168 1028 3229 quae
1052 3147 1157 3230 ignita
1186 3165 1251 3208 non
1277 3155 1353 3208 sunt
1380 3144 1437 3208 sed

323 3384 346 3417 ⁶¹
365 3389 391 3441 N
395 3397 424 3442 ot
437 3398 466 3442 to
478 3388 513 3442 be
527 3387 703 3442 conluunded
717 3387 782 3442 with
796 3389 977 3458 gunpowder.
1002 3389 1044 3442 ‘It
1056 3406 1113 3443 was
1125 3388 1226 3441 known
1239 3387 1267 3441 in
1279 3387 1328 3441 the
1339 3397 1400 3442 east
1411 3387 1443 3441 ol

290 3472 402 3541 Europe
427 3488 458 3525 as
478 3471 555 3539 early
574 3486 605 3524 as
625 3471 674 3525 the
695 3489 763 3540 year
782 3485 844 3526 Ab.
856 3473 918 3540 673,
936 3472 1026 3538 when,
1045 3471 1066 3526 lt
1087 3469 1111 3524 is
1133 3471 1203 3536 said,
1225 3469 1383 3538 Callinicus,
1402 3487 1439 3524 an

288 3553 472 3610 architectos
489 3553 653 3622 Heliopolis,
666 3555 764 3622 taught
782 3555 831 3610 the
850 3572 900 3609 use
918 3555 950 3609 oi
965 3554 986 3608 it
1006 3565 1034 3609 to
1053 3555 1100 3608 the
1120 3554 1237 3609 Greeks.
1275 3555 1301 3608 lt
1320 3552 1369 3608 did
1390 3563 1439 3608 not

289 3639 373 3693 reacb
386 3639 433 3693 the
447 3647 515 3692 west
528 3636 559 3690 ol
567 3637 681 3708 Europe
693 3638 733 3693 till
749 3639 835 3692 much
851 3639 939 3693 later!
977 3638 1089 3693 Brande
1106 3637 1163 3692 and
1178 3637 1259 3693 Cox’s
1273 3635 1440 3706 Dictlonary

289 3721 322 3776 ol
331 3721 456 3786 Selenes,
469 3721 521 3774 dre.

324 3801 347 3834 ⁶⁴
367 3804 414 3858 He
432 3803 569 3874 probably
581 3821 679 3858 means
692 3804 766 3858 what
779 3821 851 3859 were
870 3805 1030 3872 commonly
1042 3803 1132 3859 called
1151 3803 1199 3859 the
1217 3803 1300 3858 baser
1317 3821 1349 3858 or
1365 3803 1439 3869 viler,

289 3904 322 3942 as
335 3887 461 3958 opposed
474 3897 502 3942 to
515 3887 564 3942 the
580 3904 658 3942 more
676 3887 804 3958 precluus
821 3889 919 3942 metnls
934 3887 1010 3956 (gold
1027 3887 1084 3940 and
1103 3887 1207 3956 silver).
1244 3888 1332 3953 Thus,
1345 3887 1374 3941 ln
1392 3888 1440 3942 the

291 3971 443 4040 Catalogus
464 3970 652 4026 Historiarum
673 3970 893 4040 Particularlum,
912 3970 1061 4041 published
1080 3982 1108 4025 at
1128 3972 1175 4025 the
1193 3972 1248 4026 end
1267 3971 1300 4025 ol
1314 3972 1362 4024 the
1382 3971 1440 4025 first

289 4054 395 4110 edition
415 4053 446 4109 oi
464 4054 513 4108 the
535 4055 649 4108 Novum
669 4055 824 4123 Organum,
843 4056 880 4110 be
900 4065 1077 4109 enumerares
1096 4053 1241 4108 ‘Historia
1263 4055 1440 4110 Metellorum

290 4138 483 4208 perlectorum,
503 4137 581 4204 Auri,
603 4137 735 4206 Argenti’
757 4138 803 4206 (E.
825 4138 882 4191 and
903 4139 1007 4204 S.,vol
1028 4137 1046 4191 i.
1068 4155 1095 4207 p.
1108 4138 1181 4206 406).
1220 4139 1245 4192 It
1266 4137 1290 4193 is
1310 4137 1439 4208 possible,

290 4223 424 4290 however,
438 4221 498 4276 that
511 4221 547 4276 he
559 4238 624 4291 may
636 4237 720 4275 mean
733 4220 851 4276 ‘metals
864 4221 946 4276 while
964 4221 1049 4291 being
1067 4220 1186 4275 smelted
1204 4219 1232 4274 in
1250 4221 1298 4276 the
1310 4221 1440 4277 iumace.¹

291 4305 345 4360 See
358 4305 406 4358 the
418 4303 579 4374 expression
593 4305 711 4359 ‘serrum
724 4303 815 4374 ipsum
828 4303 997 4374 perlectum'
1010 4303 1038 4357 in
1051 4304 1099 4358 the
1111 4315 1175 4359 next
1188 4303 1323 4360 instance.

325 4384 348 4416 ⁸³
367 4389 408 4442 As
420 4387 546 4457 opposed
558 4397 587 4443 to
600 4387 840 4457 sheet-lightnlng.
877 4389 931 4444 See
945 4387 972 4442 ii.
988 4402 1027 4442 12.
1043 4389 1111 4442 Inst.
1125 4401 1150 4456 9.

325 4467 347 4500 ⁵⁰
366 4471 555 4526 Touchwood.
