3342 5152
293 403 356 476 352
670 400 827 457 NOVUM
847 399 1063 458 ORGANUM.

293 583 406 627 corum
427 562 459 627 in
480 574 574 642 terra,
589 573 646 629 aut
662 587 683 630 a
702 565 890 642 seminibus,
906 585 1009 648 usque
1031 567 1073 630 ad
1090 565 1237 649 plantam
1258 565 1441 642 formatam,

293 688 369 732 cum
385 669 536 732 universa
551 669 606 733 illa
623 671 827 734 successione
848 680 966 746 motus,
987 680 1020 733 et
1040 670 1174 734 diversis
1195 679 1228 734 et
1244 671 1443 734 continuatis

294 781 429 836 naturae
447 772 598 850 nixibus;
620 774 775 851 similiter,
790 775 833 838 de
850 775 1060 858 generatione
1080 774 1255 837 ordinatim
1276 775 1442 858 explicata

294 877 495 956 animalium,
505 878 548 941 ab
564 877 645 943 initu
661 878 704 941 ad
720 889 867 962 partum3
887 888 921 942 et
933 878 1082 941 similiter
1093 879 1135 941 de
1150 879 1340 961 corporibus
1352 879 1432 943 aliis.

339 979 517 1045 Enimvero
534 1002 639 1064 neque
659 983 701 1046 ad
720 981 946 1065 generationes
966 1002 1140 1064 corporum
1163 992 1293 1045 tantum
1315 990 1443 1065 spectat

295 1083 376 1148 haec
399 1085 575 1167 inquisitio,
595 1087 653 1150 sed
674 1086 836 1150 etiamad
856 1085 939 1149 alios
958 1095 1069 1148 motus
1091 1094 1124 1148 et
1147 1085 1278 1170 opificia
1298 1097 1443 1150 naturae.

296 1187 454 1272 Exempli
469 1189 597 1271 gratia;
619 1190 651 1252 in
674 1209 750 1253 casu
767 1189 822 1253 ubi
843 1186 882 1253 fit
903 1189 1071 1271 inquisitio
1088 1190 1129 1252 de
1146 1191 1295 1253 universa
1310 1189 1391 1252 serie
1412 1197 1444 1252 et

295 1292 492 1356 continuatis
507 1293 691 1358 actionibus
704 1292 955 1368 alimentandi,a
970 1293 1077 1375 prima
1092 1293 1279 1376 receptione
1295 1293 1444 1356 alimenti

295 1396 338 1459 ad
353 1395 622 1460 assimilationem
638 1396 815 1480 perfectam
828 1421 836 1473 ;
859 1405 916 1460 aut
931 1396 1080 1460 similiter
1095 1397 1138 1460 de
1154 1406 1245 1460 motu
1258 1397 1444 1461 voluntario

296 1499 329 1562 in
352 1499 558 1574 animalibus,
576 1521 596 1564 a
618 1501 725 1584 prima
747 1501 959 1584 impressione
975 1500 1217 1583 imaginationis
1239 1510 1272 1564 et
1295 1503 1444 1565 continu·

295 1603 358 1668 atis
382 1604 516 1668 nixibus
546 1605 678 1688 spiritus
708 1625 810 1686 usque
839 1605 882 1667 ad
908 1603 1067 1668 flexiones
1093 1615 1126 1668 et
1157 1614 1267 1669 motus
1295 1615 1447 1680 artuum3

296 1717 352 1772 aut
368 1709 411 1772 de
426 1708 593 1792 explicato
610 1718 703 1773 motu
719 1708 849 1791 linguae
864 1717 897 1772 et
917 1709 1079 1772 labiorum
1101 1719 1135 1773 et
1155 1709 1445 1774 instrumentorum

296 1813 496 1895 reliquorum
521 1833 624 1895 usque
647 1813 690 1877 ad
713 1813 892 1876 editionem
914 1832 1035 1876 vocum
1058 1813 1311 1877 articulatarum.
1357 1814 1445 1876 Nam

296 1914 378 1981 haec
393 1937 526 2000 quoque
541 1926 691 2002 spectant
706 1917 749 1980 ad
772 1926 905 1980 naturas
920 1925 1099 1993 concretas,
1114 1918 1182 1980 sive
1198 1917 1388 2000 collegiatas
1412 1927 1446 1981 et

298 2021 331 2083 in
351 2020 494 2099 fabrica3
518 2030 552 2085 et
573 2022 741 2085 intuentur
755 2021 857 2084 veluti
879 2021 1132 2085 consuetudines
1151 2031 1288 2085 naturae
1304 2023 1446 2105 particu-

298 2123 381 2188 lares
396 2135 429 2189 et
444 2125 610 2208 speciales,
625 2145 691 2189 non
707 2124 796 2206 leges
816 2125 1077 2188 fundamentales
1093 2135 1127 2187 et
1147 2145 1350 2198 communes,
1362 2146 1447 2208 quae

298 2229 501 2294 constituunt
516 2228 637 2292 formas
646 2227 682 2292 ³⁶.
717 2228 943 2292 Veruntamen
959 2229 1094 2292 omnino
1110 2228 1280 2293 fatendum
1296 2240 1354 2305 est,
1370 2231 1446 2294 rati-

299 2353 397 2396 onem
414 2333 511 2396 istam
526 2332 628 2397 videri
644 2333 886 2416 expeditiorem
902 2342 936 2396 et
952 2333 1058 2414 magis
1077 2333 1175 2396 sitam
1197 2333 1229 2397 in
1252 2334 1447 2417 propinquo,

299 2446 333 2500 et
348 2457 441 2520 spem
459 2436 590 2518 injicere
606 2437 721 2519 magis,
736 2456 837 2519 quam
855 2436 944 2499 illam
960 2436 1158 2520 primariam.

341 2540 393 2605 At
419 2561 494 2624 pars
518 2540 697 2624 Operativa
719 2540 876 2618 similiter,
899 2561 985 2623 quae
1014 2540 1089 2605 huic
1119 2541 1203 2624 parti
1235 2540 1445 2626 Contempla-

299 2645 386 2709 tivae
401 2646 586 2728 respondet,
601 2645 827 2728 operationem
843 2645 994 2709 extendit
1010 2655 1043 2709 et
1060 2655 1232 2728 promovet
1253 2648 1295 2710 ab
1311 2647 1348 2709 iis
1363 2667 1448 2728 quae

299 2749 464 2814 ordinario
487 2749 520 2812 in
543 2759 659 2813 natura
682 2749 889 2813 inveniuntur
910 2750 953 2812 ad
976 2750 1140 2832 quaedam
1164 2751 1324 2833 proxima,
1349 2759 1406 2814 aut
1428 2773 1449 2815 a

299 2853 463 2938 proximis
478 2873 543 2916 non
558 2853 740 2918 admodum
756 2862 892 2918 remota.
923 2851 989 2917 Sed
1003 2853 1135 2917 altiores
1150 2864 1184 2918 et
1196 2854 1355 2918 radicales
1370 2875 1449 2939 ope-

300 2959 443 3022 rationes
465 2978 563 3040 super
586 2968 736 3022 naturam
764 2957 908 3040 pendent
934 2957 1048 3040 utique
1070 2958 1114 3021 ab
1136 2956 1361 3021 axiomatibus
1384 2958 1448 3041 pri-

301 3061 419 3126 mariis.
465 3061 657 3144 Quinetiam
681 3062 737 3125 ubi
760 3081 825 3124 non
848 3062 946 3124 datur
967 3060 1094 3125 homini
1121 3061 1257 3126 facultas
1281 3063 1449 3144 operandi,

301 3167 359 3232 sed
375 3176 506 3229 tantum
524 3166 657 3240 sciendi,
674 3175 710 3229 ut
733 3165 767 3228 in
789 3165 989 3230 coelestibus
1011 3163 1132 3249 (neque
1154 3165 1242 3228 enim
1259 3166 1450 3229 conceditur

300 3269 426 3335 homini
443 3271 569 3354 operari
584 3270 617 3333 in
633 3270 796 3346 coelestia,
807 3279 864 3333 aut
874 3290 914 3333 ea
926 3270 1102 3334 immutare
1117 3278 1174 3332 aut
1190 3267 1450 3354 transformare),

300 3385 413 3439 tamen
429 3375 597 3457 inquisitio
612 3373 688 3439 facti
706 3375 806 3457 ipsius
822 3373 889 3437 sive
903 3373 1050 3438 veritatis
1066 3373 1120 3451 rei,
1140 3393 1205 3436 non
1223 3373 1330 3436 minus
1348 3392 1449 3455 quam

303 3479 449 3562 cognitio
472 3499 643 3543 causarum
665 3489 698 3542 et
720 3497 950 3553 consensuum,
973 3478 1015 3541 ad
1032 3478 1188 3562 primaria
1203 3477 1259 3540 illa
1279 3487 1312 3541 et
1337 3477 1451 3542 catho-

303 3583 365 3647 lica
387 3583 558 3647 axiomata
581 3584 624 3646 de
646 3583 769 3648 naturis
792 3582 994 3666 simplicibus
1017 3578 1132 3666 (veluti
1155 3582 1198 3645 de
1223 3592 1339 3646 natura
1362 3592 1451 3646 rota-

302 3688 403 3751 tionis
429 3695 629 3770 spontaneae
641 3685 676 3761 ³⁶,
702 3687 907 3751 attractionis
934 3687 1002 3751 sive
1024 3685 1154 3749 virtutis
1182 3685 1395 3766 magneticae‚
1418 3696 1450 3749 et

303 3791 441 3855 aliorum
467 3791 686 3874 complurium
713 3812 799 3873 quae
823 3791 928 3873 magis
952 3791 1141 3854 communia
1160 3799 1237 3853 sunt
1257 3809 1359 3871 quam
1381 3789 1452 3873 ipsa

303 3891 471 3979 coelestia)
487 3895 633 3960 refertur.
664 3895 783 3978 Neque
799 3896 887 3959 enim
903 3905 1011 3978 speret
1027 3894 1144 3976 aliquis
1159 3893 1336 3956 terminare
1351 3914 1452 3976 quae·

338 4079 361 4114 ³⁵
381 4085 414 4138 ln
432 4083 599 4154 attempting
618 4093 646 4138 to
664 4082 818 4138 determine
836 4083 884 4138 the
902 4081 1035 4152 meaning
1047 4081 1137 4136 which
1158 4083 1254 4137 Bacon
1273 4083 1405 4138 attached
1423 4092 1454 4137 to

304 4167 351 4222 the
364 4168 437 4222 word
453 4169 545 4232 Form,
558 4167 613 4222 this
627 4168 764 4236 language
781 4166 804 4221 is
816 4166 849 4221 of
858 4183 935 4221 some
952 4165 1131 4236 importance.
1169 4167 1231 4220 The
1245 4166 1453 4221 ‘fundamental

304 4252 361 4305 and
383 4267 514 4305 common
536 4251 619 4306 laws'
639 4267 715 4306 seem
738 4261 767 4305 to
788 4251 823 4306 be
844 4249 1049 4319 distinguished
1071 4251 1142 4304 from
1164 4250 1212 4304 the
1232 4251 1349 4304 ‘forms’
1362 4249 1453 4304 which

304 4336 371 4404 they
384 4333 565 4402 ‘constituta'
578 4335 635 4390 and
653 4335 718 4390 thus
737 4351 790 4390 one
809 4335 892 4388 ‘law'
905 4351 937 4387 or
953 4334 1058 4387 ‘form'
1077 4345 1105 4388 to
1124 4335 1159 4389 be
1178 4335 1317 4404 regarded
1330 4352 1362 4389 as
1375 4349 1454 4388 more

305 4417 417 4488 generic
430 4418 498 4472 than
510 4419 636 4473 another.
673 4420 727 4474 See
742 4416 943 4483 Introduction,
956 4434 1002 4488 pp.
1016 4419 1058 4484 61,
1073 4418 1117 4473 62.

340 4498 362 4532 ⁸⁶
382 4503 436 4556 See
449 4499 475 4555 ii.
489 4503 523 4570 36
537 4499 576 4569 (2)
589 4502 646 4556 and
658 4501 692 4568 48
707 4499 773 4570 (17),
786 4499 850 4555 with
863 4511 951 4556 notes.
