3358 5152
690 409 770 466 LIB.
791 409 818 465 I.
845 419 914 468 121.
1313 403 1378 492 325

275 569 375 654 Quod
394 570 421 637 si
442 572 517 656 quis
537 571 774 637 subtilitatibus
796 572 1006 657 speculativis
1028 574 1223 655 offendatur,
1238 576 1319 659 quid
1335 577 1379 641 de

230 674 433 741 scholasticis
455 677 534 742 viris
550 677 728 741 dicendum
752 679 823 757 erit,
840 679 897 760 qui
919 677 1157 744 subtilitatibus
1180 679 1377 744 immensum

230 778 457 845 indulserunt?
479 801 565 864 quae
580 790 692 845 tamen
707 780 907 846 subtilitates
922 781 955 845 in
968 783 1088 860 verbis,
1103 793 1161 848 aut
1176 782 1293 848 saltem
1308 783 1379 847 vul·

229 883 364 965 garibus
386 885 575 949 notionibus
590 882 694 968 (quod
717 887 914 951 tantundem
929 883 1040 972 valet),
1056 907 1122 950 non
1144 886 1178 950 in
1200 888 1299 951 rebus
1321 896 1379 951 aut

231 995 347 1051 natura
362 998 577 1071 consumptae
592 989 732 1068 luerunt,
744 997 844 1072 atque
860 988 1009 1054 utilitatis
1021 1000 1175 1074 expertes
1190 999 1294 1068 erant,
1311 1010 1377 1054 non

230 1100 359 1155 tantum
376 1092 409 1154 in
425 1094 559 1176 origine,
569 1093 627 1158 sed
643 1095 743 1157 etiam
754 1094 787 1157 in
798 1095 1059 1176 consequentiis;
1083 1093 1167 1158 tales
1183 1104 1295 1158 autem
1312 1114 1378 1157 non

231 1193 369 1272 luerunt,
383 1205 419 1259 ut
430 1196 591 1262 haberent
599 1197 632 1260 in
649 1217 803 1280 praesens
819 1196 997 1262 utilitatem
1010 1197 1144 1275 nullam,
1156 1198 1214 1261 sed
1231 1217 1289 1280 per
1301 1217 1378 1262 con-

230 1318 371 1382 sequens
385 1300 567 1378 infinitam;
591 1301 705 1384 quales
720 1309 796 1365 sunt
814 1321 874 1364 eae
889 1302 932 1366 de
947 1300 1066 1383 quibus
1081 1299 1257 1383 loquimur.
1303 1301 1380 1365 Hoc

230 1423 309 1467 vero
325 1406 428 1469 sciant
445 1405 595 1469 homines
610 1425 671 1488 pro
687 1415 787 1484 certo,
803 1425 935 1469 omnem
951 1404 1169 1469 subtilitatem
1184 1405 1379 1488 disputatio-

230 1526 310 1571 num
326 1517 359 1572 et
371 1510 575 1574 discursuum
592 1508 722 1589 mentis,
733 1509 762 1573 si
772 1508 970 1574 adhibeatur
982 1519 1111 1573 tanturn
1124 1518 1200 1591 post
1210 1509 1380 1572 axiomata

231 1611 373 1690 inventa,
393 1633 499 1677 seram
523 1632 595 1678 esse
617 1623 652 1677 et
675 1621 941 1697 praeposteram3
976 1622 1009 1676 et
1032 1611 1225 1678 subtilitatis
1247 1622 1381 1696 tempus

230 1735 343 1780 verum
353 1736 392 1781 ac
401 1715 768 1800 proprium,autsaltem
778 1716 1128 1800 praecipuum‚versari
1142 1715 1174 1778 in
1183 1715 1381 1798 pensitanda

230 1820 435 1903 experientia
450 1831 484 1884 et
499 1821 575 1884 inde
590 1820 829 1886 constituendis
843 1821 1089 1886 axiomatibus:
1113 1839 1190 1882 nam
1206 1817 1261 1883 illa
1276 1818 1381 1885 altera

230 1924 394 1988 subtilitas
410 1933 560 1988 naturam
576 1934 709 2007 prensat
724 1933 757 1988 et
770 1933 892 2007 captat,
903 1925 961 1988 sed
977 1943 1145 2006 nunquam
1161 1921 1381 2007 apprehendit

230 2037 289 2090 aut
305 2023 435 2110 capit⁴⁴.
482 2027 528 2094 Et
547 2028 751 2092 verissimum
772 2037 861 2092 certe
880 2037 931 2091 est
951 2027 1041 2111 quod
1065 2028 1107 2092 de
1122 2027 1295 2092 occasione
1313 2026 1381 2090 sive

230 2130 360 2196 fortuna
377 2131 442 2196 dici
460 2131 554 2204 solet,
571 2132 598 2196 si
613 2131 828 2196 transferatur
843 2132 886 2195 ad
902 2139 1074 2195 naturam:
1097 2129 1258 2210 videlicet,
1273 2151 1345 2196 eam
1360 2151 1381 2193 a

217 2235 339 2316 ,fronte
351 2245 519 2314 comatam,
533 2235 574 2300 ab
588 2236 732 2319 occipitio
745 2233 874 2299 calvam
888 2255 954 2299 esse
963 2231 999 2299 ⁴⁵.

277 2339 431 2424 Denique
453 2342 495 2405 de
518 2349 712 2423 contemptu
736 2340 769 2402 in
791 2339 931 2403 naturali
953 2337 1088 2401 historia
1110 2357 1217 2401 rerum
1237 2346 1295 2401 aut
1309 2337 1381 2400 vul·

230 2443 367 2526 garium,
388 2454 445 2508 aut
462 2444 586 2520 vilium,
608 2453 665 2507 aut
688 2444 786 2507 nimis
807 2442 978 2507 subtilium
1001 2450 1035 2505 et
1058 2441 1091 2505 in
1113 2441 1293 2522 originibus
1315 2441 1382 2505 suis

231 2547 405 2627 inutilium,
432 2547 489 2612 illa
513 2569 582 2613 vox
607 2546 816 2611 mulierculae
841 2547 884 2610 ad
911 2545 1078 2609 tumidum
1104 2545 1303 2628 principems
1324 2545 1381 2627 qui

230 2652 425 2734 petitionem
446 2651 516 2734 ejus
536 2663 572 2716 ut
597 2672 665 2716 rem
684 2652 854 2735 indignam
874 2658 907 2714 et
928 2647 1102 2730 majestate
1123 2668 1182 2712 sua
1197 2647 1381 2712 inferiorern

230 2755 412 2838 abjecisset,
430 2777 490 2839 pro
512 2757 645 2821 oraculo
667 2756 729 2834 sit3
753 2755 872 2820 Desine
892 2774 967 2836 ergo
988 2773 1048 2818 rex
1066 2750 1191 2817 esse⁴⁶.·
1214 2752 1292 2836 quia
1314 2772 1383 2818 cer·

267 2945 289 2976 ⁴⁴
310 2948 365 3001 For
377 2945 397 3001 it
417 2946 440 3001 is
453 2945 615 3001 ‘subtilitati
633 2956 750 3000 naturae
768 2944 851 3014 longe
870 2943 977 3014 impar.’
1014 2943 1186 2998 'Assensum
1204 2940 1297 3012 itaque
1315 2956 1381 2996 con·

232 3029 352 3100 stringit,
365 3047 421 3084 non
435 3029 497 3084 res!
535 3031 586 3099 cp.
600 3029 689 3099 Aphs.
706 3041 800 3096 rora.

268 3111 290 3143 ‘⁵
308 3113 362 3169 See
376 3113 527 3168 Phaedrus'
540 3113 563 3167 F
565 3113 652 3180 ables,
664 3111 711 3168 lib.
725 3130 752 3168 v.
764 3112 820 3167 fab.
834 3112 867 3167 8:

620 3195 758 3251 ‘Occasio
777 3194 906 3265 Depicta

481 3281 571 3334 Cursu
589 3278 695 3334 volucri
712 3277 840 3350 pendens
859 3277 888 3331 in
905 3276 1051 3346 novacula,

482 3363 591 3430 Calvus,
611 3377 727 3417 comosa
745 3361 845 3429 fronte,
864 3360 941 3415 nudo
960 3375 1084 3430 corpore,

480 3446 571 3515 Quem
590 3444 614 3500 si
632 3443 786 3515 occuparis,
804 3454 919 3500 teneas:
938 3445 1064 3514 elapsum
1083 3443 1168 3499 semel

480 3530 547 3584 Non
566 3527 626 3598 ipse
644 3527 733 3599 possit
751 3527 860 3599 Jupiter
876 3525 1096 3597 reprehendere;

479 3613 665 3668 Occasionem
683 3628 775 3666 rerum
793 3610 931 3680 significat
951 3609 1073 3665 brevem.

480 3697 607 3751 Effectus
626 3694 773 3766 impediret
791 3711 828 3750 ne
846 3694 940 3763 segnis
958 3711 1046 3762 mora,

480 3779 598 3835 Finxere
616 3779 723 3850 antiqui
742 3779 827 3834 talem
845 3777 965 3848 effigiem
983 3773 1134 3847 temporis!

234 3867 285 3920 Dr.
299 3863 413 3920 Kitchin
426 3874 524 3932 quotes
536 3865 597 3920 also
608 3880 626 3919 a
638 3864 798 3918 hexameter
810 3861 896 3916 lound
909 3859 937 3914 in
952 3859 1105 3930 Dionysius
1119 3860 1198 3929 Cato,
1212 3856 1333 3914 Distich.
1346 3857 1382 3912 de

235 3948 372 4014 Moribus,
385 3947 414 4002 ii.
427 3949 462 4003 26
476 3947 553 4016 (circ.
565 3957 631 4002 nn.
644 3945 708 4015 400)
721 3961 728 4000 ε

482 4031 605 4086 ‘Fronte
623 4029 763 4101 capillata,
782 4039 844 4099 post
863 4038 906 4084 est
926 4025 1047 4083 Occasio
1065 4024 1162 4082 calva’

235 4116 286 4185 Cp.
299 4131 350 4169 our
361 4115 489 4184 proverb,
503 4113 631 4184 ‘Taking
644 4113 725 4169 Time
736 4114 775 4182 by
787 4114 834 4168 the
846 4109 984 4166 rorelocks
1171 4163 1173 4168 ,

269 4195 292 4228 ⁴⁸
310 4197 381 4252 This
394 4209 470 4268 story
479 4197 502 4252 is
516 4198 574 4253 told
586 4197 618 4253 os
629 4197 720 4268 Philip
732 4196 765 4251 of
775 4196 915 4251 Macedon
927 4195 965 4265 by
975 4193 1115 4260 Plutarch,
1125 4191 1382 4262 Apophthegmata,

233 4298 261 4351 p.
277 4293 334 4350 179.
354 4293 450 4352 25-29‚
468 4283 513 4337 ed.
533 4281 645 4348 Reislte‚
664 4281 719 4335 vol.
738 4279 791 4334 vl:
817 4275 998 4346 Πρεσβῦτιδος
1016 4277 1044 4330 δὲ
1063 4277 1184 4346 πενιχρᾶς
1202 4273 1326 4341 ἀξιούσης
1341 4271 1382 4328 ἐπ’

233 4365 312 4419 αὐτοῦ
330 4365 454 4435 κριθῆναι,
467 4367 508 4419 καὶ
525 4363 650 4420 πολλάκις
662 4361 832 4434 ἐνοχλούσης,
844 4363 905 4433 ἔφη,
918 4361 952 4432 μὴ
971 4360 1120 4431 σχολάξιιυ.
1157 4355 1172 4426 r'y
1191 4357 1220 4410 δι’
1237 4358 1382 4424 πρεσβῦτις

233 4447 408 4520 ι’γςρογοῦσσ,
421 4449 470 4502 Kal
481 4447 515 4517 μὴ
527 4445 661 4515 βασίλευε,
674 4443 751 4502 εἶπεν.
788 4449 803 4500 d
816 4445 844 4500 δι’
857 4443 1032 4516 inopinans
1044 4441 1130 4516 ῥηθέν,
1142 4441 1172 4496 οὗ
1183 4439 1263 4512 μόνον
1278 4439 1383 4509 ἐκείνης,

233 4531 303 4586 ἀλλὰ
316 4533 357 4586 καὶ
369 4536 421 4587 τῶν
432 4532 529 4600 ἄλλων,
541 4531 615 4588 εὐθὺς
627 4529 772 4600 διήκουσιν.
