3344 5152
654 429 735 488 ΗΒ.
758 430 782 488 Ι.
808 439 943 488 20—22.
1313 441 1375 508 203

224 615 317 659 mens
335 593 467 660 exsilire
485 595 528 660 ad
549 595 654 680 magis
672 595 847 680 generalia,
866 607 902 662 ut
921 595 1108 679 acquiescat
1117 620 1127 673 ;
1155 606 1189 662 et
1207 605 1283 679 post
1301 617 1376 680 par-

222 719 300 762 vam
327 720 453 764 moram
481 699 606 764 fastidit
634 700 893 783 experientiam:
927 701 986 764 sed
1012 701 1094 765 haec
1125 700 1212 765 mala
1239 702 1373 765 demum

223 812 320 868 aucta
335 813 412 866 sunt
427 825 446 866 a
461 801 635 869 dialectica
650 804 695 868 ob
710 825 851 888 pompas
866 804 1139 887 disputationum.

751 959 849 1023 XXI.

267 1077 459 1144 Intellectus
481 1077 542 1143 sibi
565 1074 751 1164 permissus,
771 1081 802 1143 in
827 1077 957 1162 ingenio
980 1077 1090 1144 sobrio
1113 1087 1148 1146 et
1171 1079 1318 1164 patiente
1341 1089 1375 1145 et

222 1183 314 1264 gravi
345 1179 551 1268 (praesertim
582 1183 611 1248 si
643 1206 663 1249 a
696 1183 854 1249 doctrinis
884 1183 1023 1267 receptis
1055 1204 1121 1249 non
1155 1183 1375 1270 impediatur),

223 1297 330 1350 tentat
345 1288 493 1351 nonnihil
513 1289 604 1352 illam
622 1289 762 1353 alteram
777 1288 876 1366 viam,
891 1309 976 1371 quae
994 1299 1084 1353 recta
1102 1299 1162 1367 est,
1177 1291 1234 1354 sed
1251 1289 1375 1373 exiguo

222 1391 390 1474 profectu;
423 1413 498 1456 cum
524 1391 718 1470 intellectus
741 1393 802 1457 nisi
827 1403 961 1476 regatur
984 1402 1018 1456 et
1041 1391 1185 1474 juvetur,
1207 1413 1259 1458 res
1286 1395 1376 1458 inae-

222 1496 329 1577 qualis
339 1493 366 1533 ²⁴
379 1498 430 1574 sit,
443 1507 476 1561 et
492 1499 628 1564 omnino
644 1498 797 1562 inhabilis
812 1497 856 1562 ad
868 1496 1089 1582 superandam
1105 1518 1214 1561 rerum
1230 1497 1375 1562 obscuri·

223 1607 335 1664 tatem.

739 1689 856 1753 XXII.

267 1807 419 1892 Utraque
432 1807 486 1873 via
501 1810 628 1874 orditur
643 1831 663 1875 a
678 1830 774 1874 sensu
790 1819 823 1873 et
839 1807 1088 1892 particularibus
1101 1807 1137 1887 ²⁵,
1149 1819 1182 1874 et
1198 1809 1375 1892 acquiescit

223 1910 255 1974 in
276 1915 422 1977 maxime
442 1913 668 1997 generalibus:
692 1915 750 1978 sed
767 1915 964 1977 immensum
986 1913 1144 1997 quiddam
1165 1915 1374 1997 discrepant;

223 2035 298 2078 cum
325 2017 430 2081 altera
456 2019 655 2102 perstringat
682 2027 813 2082 tantum
839 2018 1080 2102 experientiam
1108 2028 1142 2082 et
1166 2017 1376 2102 particularia

222 2120 363 2199 cursim3
386 2122 489 2186 altera
506 2123 539 2185 in
556 2123 594 2185 iis
611 2123 671 2187 rite
686 2133 720 2187 et
741 2122 855 2186 ordine
870 2131 1037 2186 versetur:
1061 2119 1165 2186 altera
1182 2143 1291 2188 rursus
1304 2122 1374 2203 jam

222 2243 242 2286 a
270 2224 430 2308 principio
460 2227 638 2291 constituat
664 2225 831 2310 generalia
858 2228 1022 2310 quaedam
1049 2227 1216 2291 abstracta
1243 2237 1276 2291 et
1304 2227 1375 2290 inu-

223 2325 294 2391 tilia
304 2325 349 2407 ²⁰3
373 2330 477 2394 altera
495 2331 662 2414 gradatim
684 2340 842 2414 exsurgat
865 2330 909 2395 ad
932 2351 972 2394 ea
994 2351 1080 2413 quae
1104 2351 1215 2394 revera
1239 2341 1376 2395 naturae

222 2442 299 2496 sunt
315 2434 443 2498 notiora
454 2433 488 2497 ²⁷.

221 2619 260 2688 by
271 2620 319 2674 the
329 2621 465 2691 principle
478 2622 511 2676 of
519 2622 697 2678 association.
733 2624 788 2678 We
800 2624 873 2678 have
881 2623 1022 2678 ourselves
1035 2623 1176 2693 repeated,
1189 2639 1222 2676 or
1231 2621 1320 2676 heard
1327 2621 1376 2676 the

222 2701 326 2756 maxim
339 2705 472 2773 repeated
485 2708 523 2775 by
535 2706 637 2773 others,
651 2724 683 2762 so
695 2706 860 2777 frequently,
873 2708 930 2761 and
944 2707 972 2760 in
986 2706 1141 2760 connexion
1156 2705 1221 2760 with
1240 2721 1273 2760 so
1289 2721 1375 2774 many

223 2785 304 2840 other
316 2788 505 2857 propositiorrs
515 2789 605 2844 which
619 2807 659 2844 we
672 2801 770 2860 accept
783 2809 816 2845 as
827 2800 897 2858 true,
909 2791 970 2844 that
983 2808 1024 2845 we
1036 2806 1088 2845 can
1102 2788 1202 2858 hardly
1211 2789 1343 2844 conceive
1355 2789 1376 2843 it

222 2867 305 2937 being
317 2871 405 2925 called
420 2872 447 2926 in
460 2873 597 2943 question.

257 2949 279 2981 ²⁴
298 2953 367 3008 This
392 2955 468 3009 word
489 2973 555 3026 may
574 2955 695 3026 perhaps
721 2956 758 3012 be
782 2957 937 3012 translated
968 2953 1169 3027 ‘inadequate,'
1193 2972 1227 3010 or
1254 2954 1375 3026 perhaps

223 3033 393 3106 ‘irregular,’
406 3039 467 3094 that
483 3039 507 3094 is
524 3040 619 3110 acting
638 3039 800 3096 sometimes
817 3057 873 3095 one
887 3057 957 3110 way,
970 3039 1132 3095 sometimes
1149 3040 1276 3094 another.
1322 3041 1376 3094 See

223 3119 278 3173 Mr.
291 3121 386 3176 Ellis's
399 3132 473 3179 note.

257 3199 280 3234 ²⁶
299 3204 383 3271 That,
397 3205 425 3258 in
444 3223 500 3276 any
513 3223 586 3274 case,
606 3223 647 3262 we
661 3207 746 3276 begin
763 3205 829 3262 with
847 3206 1013 3277 particulars
1025 3205 1171 3262 fumished
1181 3206 1219 3275 by
1231 3223 1322 3272 sense,
1340 3205 1376 3260 he

222 3285 303 3341 takes
312 3287 355 3342 for
362 3291 488 3357 granted.
515 3293 567 3361 Cp.
581 3291 772 3360 campanella,
782 3289 987 3361 Metaphysica,
997 3288 1089 3361 parsi.
1099 3289 1143 3344 lib.
1153 3289 1171 3343 i.
1183 3290 1375 3344 Prooemium:

224 3368 384 3440 ‘Principia
408 3373 482 3428 enim
508 3375 585 3442 artis,
608 3392 680 3445 quae
706 3373 895 3444 intelligimus,
916 3373 975 3429 sive
1000 3373 1054 3429 sint
1077 3372 1192 3428 nomina
1216 3373 1376 3443 imperfecte

222 3461 350 3507 naturam
370 3455 409 3510 rei
427 3455 620 3528 significantia,
634 3459 693 3513 sive
710 3458 765 3513 sint
784 3457 968 3525 definitiones,
987 3457 1109 3528 perfecte
1130 3457 1250 3511 eandem
1272 3455 1375 3526 signifi·

223 3546 329 3605 cantes,
344 3537 402 3594 sive
415 3541 619 3612 propositiones
628 3542 833 3608 universales,a
846 3557 930 3596 sensu
943 3541 1102 3610 accepimus
1115 3557 1165 3611 per
1178 3539 1375 3606 inductionem,

223 3621 298 3690 quod
312 3632 341 3676 et
353 3623 520 3680 Aristoteles
530 3625 581 3678 in2
596 3625 702 3680 Poster.
716 3625 807 3691 docet,
821 3624 885 3680 licet
899 3624 941 3679 sui
954 3623 1072 3679 oblitus!

256 3701 279 3734 '⁸
297 3706 374 3760 Such
383 3725 415 3762 as
426 3709 487 3762 that
499 3710 620 3763 ‘Nature
631 3709 698 3763 does
708 3709 827 3777 nothing
835 3709 863 3762 in
873 3708 955 3775 vain,'
966 3708 973 3736 ‘
984 3709 1092 3762 Nature
1102 3706 1230 3762 abhorsa
1239 3706 1375 3772 vacuum,'

224 3787 285 3842 that
297 3791 368 3844 each
381 3790 458 3861 body
470 3792 522 3846 has
534 3792 601 3861 only
613 3809 667 3847 one
679 3809 780 3862 proper
792 3792 908 3858 motion,
920 3791 978 3846 and
991 3792 1039 3847 the
1052 3791 1115 3845 like.

258 3869 280 3901 ²⁷
299 3873 361 3928 The
374 3875 478 3944 phrase
491 3875 625 3930 ‘naturae
640 3876 764 3930 notiora’
783 3873 807 3930 is
820 3892 838 3929 a
856 3873 1004 3930 scholastic
1021 3873 1239 3928 mistranslation
1252 3871 1285 3927 of
1299 3873 1375 3927 Aris·

222 3955 313 4010 totle's
325 3956 357 4024 τῇ
369 3955 451 4027 φύσει
463 3961 654 4030 γνωριμώτερα,
663 3958 755 4013 which
766 3960 853 4027 ought
866 3960 938 4013 tobe
947 3956 1101 4012 translated
1114 3957 1231 4011 ‘natura
1240 3955 1375 4022 notiora;’

221 4039 254 4108 τῇ
273 4037 355 4109 φύσει
375 4059 408 4096 or
424 4040 514 4098 ἁπλῶς
531 4044 712 4114 γνωριμώτερα
733 4060 781 4097 are
801 4042 926 4112 opposed
948 4051 978 4096 to
998 4039 1058 4110 ἡμῖν
1077 4041 1258 4111 γνωριμώτερα
1276 4055 1308 4094 as
1326 4040 1375 4094 the

222 4139 300 4179 more
320 4126 433 4193 general
451 4135 480 4181 to
498 4125 546 4181 the
565 4143 641 4180 more
659 4125 817 4196 particular,
836 4141 868 4180 as
887 4125 1041 4180 universals
1061 4133 1091 4178 to
1111 4122 1218 4192 objects
1237 4123 1267 4176 of
1283 4139 1374 4176 sense.

222 4208 363 4276 Amongst
376 4210 457 4265 other
469 4212 573 4280 places,
586 4227 633 4264 see
644 4211 719 4264 Post.
730 4211 782 4264 An.
796 4209 814 4264 i.
828 4224 843 4262 2
859 4207 897 4279 (p.
911 4220 942 4276 71
958 4209 986 4262 b.
996 4222 1093 4277 33-p.
1104 4219 1138 4274 72
1150 4223 1176 4261 a.
1188 4206 1215 4276 5)
1229 4225 1236 4260 :
1255 4207 1376 4276 Ilpdrrpa

222 4289 244 4344 δ’
257 4291 317 4344 ἐστὶ
330 4293 371 4344 καὶ
381 4295 563 4365 γνωριμώτερα
575 4293 663 4364 διχῶς·
682 4293 775 4364 οὐγὰρ
788 4293 881 4347 ταύτὸν
892 4293 1019 4360 πρότερον
1036 4292 1067 4360 τῇ
1086 4288 1168 4359 φύσει
1181 4289 1298 4358 καὶπρὸς
1310 4286 1375 4358 ἡμας

220 4376 357 4445 πρότερον,
370 4375 430 4431 οὐδὲ
448 4379 642 4447 γνωριμώτερον
660 4377 701 4430 καὶ
719 4375 779 4445 ἡμῖν
796 4376 998 4448 γνωριμώτερον.
1036 4373 1109 4443 Λέγω
1125 4372 1154 4426 δι’
1168 4373 1232 4443 πρὸς
1246 4370 1311 4442 ἡμᾶς
1329 4371 1376 4440 μὲν

221 4459 335 4529 πρότερα
354 4462 395 4513 rol
413 4463 594 4532 γνωριμώτερα
612 4460 645 4513 τὰ
663 4459 802 4532 ε’γγῦτιρον
819 4462 865 4528 τῆς
880 4457 1036 4526 αἰσθήσιος,
1049 4459 1138 4512 ἅπλῶς
1156 4456 1185 4510 δὲ
1202 4457 1315 4525 πρότερα
1333 4455 1375 4509 καὶ

221 4546 402 4616 γνωριμώτερα
422 4544 456 4598 rd
474 4546 646 4615 πορρώτερον.
676 4541 757 4599 Ἐστι
779 4544 807 4598 δι’
825 4544 982 4614 πορρωτάτω
1000 4541 1047 4611 μὲν
1064 4541 1097 4595 τὸ
1117 4539 1229 4595 καθόλου
1249 4539 1374 4608 μάλιστα,
