3344 5152
279 408 341 472 188
725 409 980 470 PRAEFATIO.

275 581 364 646 vitae
387 581 491 647 civilis
515 577 668 659 rationes,
688 580 741 645 vel
764 577 854 665 quod
879 580 972 645 illam
998 580 1137 644 alteram
1163 580 1208 644 ob
1233 579 1352 644 mentis
1376 578 1424 642 in·

276 683 468 750 firmitatem
494 705 611 767 capere
637 696 670 750 et
696 683 872 769 complecti
896 705 963 749 non
987 683 1114 768 possint
1140 681 1189 769 (id
1214 684 1303 766 quod
1327 681 1425 765 longe

277 787 425 872 plurimis
447 789 596 854 accidere
618 809 751 853 necesse
773 784 845 873 est),
861 797 1016 872 optamus
1036 798 1074 853 ut
1095 787 1134 852 iis
1149 787 1308 853 foeliciter
1325 796 1359 850 et
1380 806 1424 849 ex

275 902 356 958 voto
374 895 530 959 succedat
550 896 640 975 quod
661 903 773 978 agunt,
788 903 890 975 atque
911 903 948 958 ut
969 893 1060 975 quod
1082 901 1264 974 sequuntur
1285 899 1426 956 teneant.
1488 925 1491 934 ·

277 996 378 1080 Quod
394 997 421 1061 si
437 998 489 1062 cui
505 996 693 1061 mortalium
710 997 801 1062 cordi
821 1006 855 1062 et
875 1017 973 1062 curae
992 996 1044 1072 sit,
1059 1016 1125 1061 non
1141 1004 1269 1060 tautum
1285 993 1425 1058 inventis

276 1100 412 1164 haerere
434 1111 534 1182 atque
557 1101 595 1164 iis
618 1101 677 1174 uti,
693 1100 751 1164 sed
775 1101 818 1165 ad
843 1099 998 1164 ulteriora
1019 1108 1212 1182 penetrare;
1234 1109 1335 1180 atque
1357 1117 1422 1160 non

277 1203 476 1285 disputando
491 1204 724 1280 adversarium,
740 1205 799 1268 sed
818 1224 918 1285 opere
937 1213 1090 1268 naturam
1104 1203 1250 1280 vincere3
1274 1200 1425 1283 denique,

277 1326 342 1372 non
358 1305 443 1372 belle
459 1318 492 1372 et
507 1307 724 1390 probabiliter
745 1308 883 1392 opinari,
899 1310 958 1373 sed
979 1318 1069 1373 certo
1090 1318 1123 1372 et
1144 1306 1308 1372 ostensive
1322 1306 1426 1380 scire3

276 1409 369 1487 tales,
391 1421 551 1494 tanquam
577 1413 646 1476 veri
671 1412 880 1477 scientiarum
907 1411 974 1488 filii,
996 1412 1092 1475 nobis
1118 1407 1159 1496 (si
1184 1405 1362 1493 videbitur)
1389 1429 1425 1473 se

275 1513 476 1598 adjungant;
499 1526 545 1595 ut,
557 1517 686 1581 omissis
697 1527 835 1581 naturae
850 1515 951 1594 atriis,
963 1535 1049 1598 quae
1061 1514 1180 1578 infiniti
1192 1514 1424 1592 contriverunt,

275 1619 387 1683 aditus
420 1618 599 1703 aliquando
632 1620 676 1684 ad
710 1619 863 1684 interiora
895 1618 1042 1703 patefiat.
1087 1619 1202 1702 Atque
1237 1629 1274 1683 ut
1307 1619 1424 1683 melius

277 1722 508 1806 intelligamur,
525 1734 627 1806 utque
648 1722 729 1789 illud
753 1723 863 1806 ipsum
886 1725 976 1805 quod
998 1721 1151 1787 volumus
1173 1742 1218 1785 ex
1240 1722 1425 1785 nominibus

276 1827 441 1910 impositis
472 1828 578 1912 magis
606 1828 810 1893 familiariter
840 1837 999 1903 occurrat,
1024 1826 1129 1892 altera
1159 1827 1243 1891 ratio
1272 1827 1341 1890 sive
1370 1826 1424 1889 via

275 1930 478 2013 Anticipattb
498 1931 632 2008 Mentis,
651 1931 756 1997 altera
777 1931 1008 2014 Interpretatio
1028 1931 1226 2010 Naturae,a
1249 1929 1344 1995 nobis
1366 1950 1424 2012 ap·

275 2034 390 2118 pellari
405 2035 583 2100 consuevit.

320 2139 384 2203 Est
400 2140 501 2203 etiam
516 2141 605 2222 quod
620 2141 800 2221 petendum
815 2139 953 2204 videtur.
999 2139 1070 2204 Nos
1085 2149 1173 2204 certe
1187 2139 1424 2223 cogitationem

276 2243 480 2324 suscepimus
496 2252 529 2307 et
545 2263 657 2308 curam
669 2243 889 2320 adhibuimus,
901 2253 937 2307 ut
953 2262 1039 2327 quae
1054 2265 1073 2308 a
1089 2244 1186 2308 nobis
1198 2253 1424 2325 proponentur

276 2367 342 2410 non
358 2355 487 2411 tantum
503 2368 580 2411 vera
600 2357 719 2425 essent,
735 2349 794 2413 sed
813 2349 914 2413 etiam
934 2348 978 2412 ad
998 2349 1126 2412 animos
1146 2346 1318 2412 hominum
1334 2343 1423 2432 (licet

279 2449 368 2514 miris
397 2452 504 2515 modis
533 2460 711 2535 occupatos
741 2463 774 2516 et
803 2447 1011 2538 interclusos)
1037 2473 1103 2515 non
1132 2451 1339 2516 incommode
1366 2461 1424 2515 aut

276 2575 393 2638 aspere
407 2557 608 2621 accederent.
653 2557 879 2622 Veruntamen
892 2577 1034 2640 aequum
1051 2567 1110 2633 est,
1126 2566 1163 2620 ut
1177 2557 1220 2620 ab
1236 2555 1424 2619 hominibus

278 2660 490 2742 impetremus
512 2656 559 2744 (in
581 2669 677 2725 tanta
699 2661 890 2745 praesertim
913 2661 1135 2726 doctrinarum
1158 2670 1192 2725 et
1214 2660 1423 2724 scientiarum

277 2761 526 2850 restauratione)
548 2774 585 2829 ut
608 2765 665 2847 qui
688 2765 844 2830 dehisce
869 2764 990 2830 nostris
1016 2763 1148 2847 aliquid,
1168 2765 1238 2828 sive
1260 2785 1304 2828 ex
1327 2784 1424 2827 sensu

276 2868 419 2952 proprio,
434 2869 503 2932 sive
518 2889 561 2932 ex
577 2868 817 2933 authoritatum
833 2869 939 2947 turba,
954 2868 1023 2932 sive
1041 2889 1084 2932 ex
1106 2869 1424 2933 demonstrationum

276 2971 390 3035 formis
413 2968 512 3055 (quae
538 2992 624 3036 nunc
650 2981 810 3055 tanquam
834 2971 923 3056 leges
950 2974 1114 3055 quaedam
1139 2971 1310 3052 judiciales
1333 2972 1425 3035 inva-

276 3071 430 3162 luerunt),
441 3085 587 3140 statuere
602 3086 659 3140 aut
675 3078 865 3141 existimare
880 3077 969 3156 velit,
981 3097 1023 3140 ne
1038 3077 1071 3141 id
1087 3076 1120 3140 in
1136 3076 1273 3140 transitu
1290 3086 1323 3139 et
1334 3075 1424 3140 velut

276 3177 366 3242 aliud
389 3179 518 3260 agendo
540 3179 644 3244 lacere
666 3201 702 3245 se
725 3201 822 3264 posse
843 3189 973 3265 speret3
996 3181 1055 3244 sed
1078 3189 1115 3244 ut
1138 3200 1206 3243 rem
1230 3190 1425 3263 pernoscat;

276 3294 433 3363 nostram,
448 3305 548 3366 quam
570 3285 784 3350 describimus
804 3297 839 3350 et
860 3287 1037 3363 munimus,
1051 3285 1139 3349 viam
1161 3284 1230 3366 ipse
1250 3283 1423 3368 paullatim

276 3396 403 3462 tentet3
432 3388 606 3452 subtilitati
630 3409 738 3453 rerum
761 3409 846 3472 quae
869 3389 901 3452 in
924 3389 1127 3473 experientia
1149 3389 1278 3472 signata
1300 3399 1350 3452 est
1372 3408 1424 3452 as·

341 3500 490 3568 suescat3
520 3513 639 3575 pravos
669 3494 812 3575 denique
841 3503 942 3575 atque
971 3492 1038 3557 alte
1068 3492 1240 3557 haerentes
1266 3512 1357 3556 men-

407 3594 449 3659 tis
477 3595 612 3660 habitus
641 3598 839 3680 tempestiva
865 3607 898 3660 et
925 3597 1019 3680 quasi
1046 3596 1196 3678 legitima
1226 3617 1294 3660 mo·

473 3719 508 3763 ra
519 3701 662 3783 corrigat
670 3725 678 3776 ;
700 3711 802 3784 atque
814 3711 886 3765 tum
897 3702 1031 3765 demum
1044 3697 1085 3787 (si
1098 3700 1230 3785 placue-

498 3802 564 3889 rit),
574 3813 751 3887 postquam
764 3805 796 3868 in
806 3814 972 3888 potestate
981 3826 1040 3869 sua
1050 3826 1121 3869 esse
1131 3825 1205 3869 coe-

617 3909 711 3992 perit,
731 3907 857 3990 judicio
880 3930 941 3974 suo
964 3918 1084 3974 utatur.

755 4095 944 4159 SEQUITUR

369 4209 372 4214 ’
455 4209 655 4285 PARTIS
691 4209 999 4285 SECUNDAE
1038 4211 1250 4297 SUMMA,

789 4367 914 4410 meltsra

640 4481 702 4547 IN
720 4479 1057 4551 APHORISMOS.
