3308 5152
528 1178 996 1277 FRANCISCI

445 1398 545 1481 DE
600 1399 1080 1487 VERULAMIO

551 1613 976 1682 INSTAURATIO

646 1802 873 1868 MAGNA.

613 2178 907 2242 Pnnnnnrro

207 2359 261 2424 De
283 2368 373 2424 statu
396 2360 618 2436 scientiarum,
634 2359 724 2440 quod
748 2378 813 2420 non
837 2358 878 2422 sit
897 2357 999 2423 foelix
1020 2369 1078 2422 aut
1100 2358 1259 2442 majorem
1281 2361 1314 2425 in

272 2464 408 2526 modurn
432 2473 567 2541 auctus3
598 2463 755 2544 quodque
777 2461 843 2527 alia
869 2462 1004 2526 omnino
1032 2483 1133 2545 quarn
1161 2465 1248 2547 prio-

315 2568 403 2630 ribus
430 2567 563 2650 cognita
585 2567 682 2640 suerit
708 2567 761 2629 via
787 2567 964 2649 aperienda
990 2567 1033 2630 sit
1060 2567 1205 2632 intellec·

375 2671 423 2734 tui
447 2671 602 2747 humano,
619 2681 652 2734 et
675 2670 741 2734 alia
764 2671 987 2753 comparanda
1011 2671 1145 2745 auxilia,

461 2785 497 2838 ut
521 2795 613 2838 mens
635 2794 695 2837 suo
716 2773 789 2855 jure
812 2774 844 2837 in
868 2794 977 2837 rerum
1000 2795 1059 2839 na-

602 2889 711 2942 turam
736 2879 783 2941 uti
807 2878 919 2961 possit.

227 3064 434 3129 V1DENTUR
460 3063 555 3128 nobis
580 3062 731 3127 homines
758 3084 817 3127 nec
844 3084 924 3146 opes
950 3084 1009 3130 nec
1036 3064 1122 3130 vires
1149 3086 1225 3131 suas
1251 3067 1335 3132 bene

183 3189 299 3245 nosse3
329 3189 443 3232 verum
468 3170 511 3233 de
535 3168 598 3232 illis
625 3167 751 3250 majora
776 3189 877 3251 quam
903 3189 963 3251 par
986 3180 1044 3246 est,
1068 3170 1109 3233 de
1133 3170 1184 3234 his
1209 3171 1336 3234 minora

183 3274 327 3336 credere.
373 3273 426 3336 lta
450 3271 498 3347 fit,
521 3282 558 3336 ut
584 3282 641 3336 aut
666 3283 753 3336 artes
778 3282 927 3355 receptas
951 3273 1073 3338 insanis
1099 3274 1212 3357 pretiis
1236 3275 1335 3337 aesti-

185 3387 314 3440 mantes
334 3376 378 3439 nil
399 3376 542 3460 amplius
557 3385 726 3459 quaerant,
741 3386 799 3440 aut
819 3378 946 3459 seipsos
966 3377 1041 3460 plus
1061 3396 1168 3459 aequo
1187 3388 1335 3442 contem·

184 3491 298 3545 nentes
324 3481 409 3544 vires
439 3501 513 3544 suas
544 3481 576 3543 in
606 3478 782 3544 levioribus
813 3490 1017 3558 consumant,
1042 3481 1075 3543 in
1106 3481 1146 3544 iis
1175 3502 1260 3564 quae
1290 3483 1333 3546 ad

184 3605 349 3650 summam
377 3585 421 3648 rei
447 3585 568 3650 saciant
593 3604 659 3648 non
688 3585 907 3667 experiantur.
954 3584 1067 3667 Quare
1093 3593 1169 3648 sunt
1196 3595 1229 3649 et
1256 3605 1335 3649 suae

184 3689 327 3753 scientiis
353 3689 528 3753 columnae
553 3697 712 3771 tanquam
736 3687 871 3765 fatales3
904 3707 979 3752 cum
1006 3689 1050 3752 ad
1076 3681 1212 3752 ulterius
1236 3709 1335 3772 pene·

184 3793 339 3856 trandum
364 3791 516 3856 homines
540 3812 600 3856 nec
624 3793 786 3856 desiderio
808 3811 869 3856 nec
892 3813 951 3875 spe
977 3793 1173 3856 excitentur.
1218 3792 1334 3874 Atque

184 3915 259 3960 cum
276 3897 388 3979 opinio
404 3896 520 3979 copiae
535 3897 620 3960 inter
632 3896 795 3959 maximas
807 3915 922 3960 causas
936 3895 1064 3978 inopiae
1079 3896 1121 3960 sit
1134 3921 1142 3975 3
1165 3915 1334 3978 quumque

184 4021 228 4063 ex
244 3999 364 4064 fiducia
379 4000 601 4084 praesentium
617 4020 696 4064 vera
714 4000 838 4064 auxilia
858 3999 1068 4082 negligantur
1089 4000 1121 4063 in
1142 4009 1333 4081 posterum;

185 4126 229 4168 ex
255 4124 315 4167 usu
341 4113 401 4179 est,
424 4114 457 4168 et
482 4105 581 4186 plane
605 4125 648 4167 ex
673 4102 876 4180 necessitate,
899 4112 935 4166 ut
959 4103 1002 4166 ab
1028 4101 1092 4167 illis
1117 4123 1202 4184 quae
1225 4102 1333 4166 adhuc

184 4209 315 4272 inventa
337 4218 412 4272 sunt
436 4209 469 4272 in
492 4209 566 4291 ipso
589 4207 697 4289 operis
719 4207 822 4271 nostri
845 4206 958 4270 limine
980 4202 1094 4291 (idque
1117 4205 1240 4270 relictis
1262 4226 1334 4269 am-

182 4313 325 4394 bagibus
340 4323 373 4377 et
389 4333 455 4377 non
471 4307 725 4395 dissimulanter)
737 4311 870 4375 honoris
886 4320 921 4374 et
937 4310 1165 4374 admirationis
1177 4329 1333 4373 excessus

182 4417 337 4496 tollatur;
371 4417 443 4481 utili
471 4417 607 4493 monito,
635 4436 676 4479 ne
705 4413 857 4479 homines
887 4434 1002 4478 eorum
1033 4425 1090 4477 aut
1118 4414 1249 4497 copiam
1276 4423 1333 4478 aut

184 4521 359 4586 utilitatem
384 4522 416 4585 in
439 4521 546 4603 majus
567 4520 728 4602 accipiant
748 4529 807 4584 aut
827 4518 1003 4584 celebrent.
1049 4518 1137 4583 Nam
1160 4518 1187 4581 si
1206 4517 1280 4601 quis
1301 4518 1334 4581 in

744 4638 773 4686 M
