3280 5238
620 415 701 473 LIB.
724 417 768 474 ΙΙ.
792 425 929 497 32—33.
1285 427 1346 496 451

242 577 361 662 Itaque
384 579 593 646 adhibendae
615 592 691 646 sunt
714 603 773 648 eae
796 580 970 649 instantiae
992 572 1151 668 tanquam
1174 607 1349 672 praepara-

196 683 301 747 tivum
323 684 468 767 aliquod,
488 687 531 750 ad
554 685 799 751 rectificandum
814 698 848 752 et
862 690 1116 772 expurgandum
1139 691 1349 756 intellectum.

197 787 363 870 Quicquid
377 790 465 852 enirn
481 790 617 854 abducit
633 791 835 857 intellectum
851 813 871 856 a
886 793 1060 870 consuetis,
1072 806 1193 877 aequat
1208 805 1242 859 et
1258 816 1350 860 com-

196 891 311 975 planat
333 913 442 956 aream
469 892 540 975 ejus
566 895 610 959 ad
633 895 858 979 recipiendum
886 897 997 961 lumen
1023 899 1146 963 siccum
1174 909 1207 964 et
1230 920 1348 982 purum

197 993 370 1060 notionum
390 1018 551 1062 verarum.

240 1099 456 1183 Quinetiam
484 1101 673 1185 hujusmodi
704 1099 879 1170 instantiae
905 1113 1054 1169 sternunt
1081 1115 1114 1170 et
1138 1115 1350 1190 praestruunt

195 1203 285 1267 viam
306 1205 349 1269 ad
369 1207 593 1288 operativam;
616 1218 652 1272 ut
668 1229 729 1273 suo
750 1209 824 1273 loco
842 1211 998 1285 dicemus,
1014 1195 1148 1294 quando
1163 1212 1206 1277 de
1221 1211 1349 1276 Deduc-

197 1309 336 1374 tionibus
356 1309 404 1374 ad
417 1310 549 1374 Pram'n
560 1310 587 1348 ³⁰
606 1331 715 1376 sermo
738 1313 809 1376 erit.

689 1517 862 1583 XXXIII.

242 1668 333 1732 Inter
351 1669 604 1751 praerogativas
626 1669 862 1734 instantiarum
889 1689 1050 1754 ponemus
1073 1665 1148 1736 loco
1175 1669 1350 1738 undecimo

196 1771 382 1837 Instantias
400 1771 590 1847 Comitatus,
608 1783 708 1857 atque
723 1773 870 1840 Hostiles
878 1771 904 1813 ³¹
912 1795 927 1847 ,·
949 1796 1031 1858 quas
1050 1777 1150 1840 etiam
1166 1777 1350 1841 instantias

196 1875 458 1959 propositionum
487 1877 649 1941 Fixarum
681 1877 847 1962 appellare
879 1880 1117 1944 consuevimus.
1171 1881 1241 1944 Eae
1273 1891 1348 1945 sunt

197 1980 383 2059 instantiae,
399 2001 483 2064 quae
502 1982 662 2047 exhibent
682 1983 816 2065 aliquod
839 2003 958 2066 corpus
976 1981 1045 2048 sive
1066 1995 1255 2048 concretum
1273 1985 1349 2062 tale,

198 2083 229 2148 in
257 2106 323 2167 quo
349 2095 466 2150 natura
495 2085 649 2170 inquisita
680 2097 840 2170 perpetuo
869 2098 1027 2170 sequatur
1051 2098 1211 2171 tanquam
1238 2109 1349 2154 comes

197 2190 332 2272 quidam
355 2190 560 2256 individuus:
591 2201 649 2255 aut
669 2200 792 2268 contra,
812 2193 844 2256 in
867 2212 934 2274 quo
957 2203 1075 2257 natura
1099 2193 1254 2276 inquisita
1276 2214 1349 2277 per·

197 2302 299 2377 petuo
332 2294 435 2378 fugiat
468 2305 568 2378 atque
600 2315 644 2358 ex
680 2295 839 2360 comitatu
872 2296 1077 2374 excludatur,
1108 2308 1146 2361 ut
1178 2294 1283 2361 hostis
1316 2307 1350 2362 et

198 2399 357 2462 inimicus.
414 2399 502 2464 Nam
530 2420 573 2463 ex
604 2398 794 2480 hujusmodi
825 2397 987 2468 instantiis
1017 2399 1201 2465 formantur
1227 2423 1349 2485 propo·

197 2503 330 2567 sitiones
349 2513 459 2568 certae
482 2515 515 2568 et
534 2504 741 2582 universales,
759 2513 817 2569 aut
837 2503 1057 2588 affirmativae
1077 2515 1135 2568 aut
1156 2505 1325 2587 negativae
1332 2527 1348 2579 ,·

199 2605 365 2689 inquibus
384 2607 570 2689 subjectum
589 2608 650 2673 erit
670 2608 737 2672 tale
753 2627 873 2692 corpus
891 2609 924 2672 in
939 2619 1103 2685 concreto,
1119 2610 1348 2692 praedicatum

197 2732 275 2775 vero
294 2721 409 2777 natura
430 2711 501 2796 ipsa
521 2713 683 2795 inquisita.
729 2712 864 2776 EtenIm
880 2712 1120 2796 propositiones
1136 2713 1349 2797 particulares

199 2815 335 2879 omnino
349 2815 442 2899 fixae
463 2836 528 2879 non
549 2827 635 2893 sunt,
651 2813 707 2880 ubi
731 2816 855 2881 scilicet
876 2826 993 2880 natura
1016 2816 1171 2898 inquisita
1192 2819 1350 2900 reperitur

199 2917 231 2983 in
246 2919 358 3001 aliquo
375 2930 526 2984 concreto
541 2919 634 2984 fluxa
648 2931 682 2985 et
695 2921 836 2998 mobilis,
847 2921 909 2984 viz.
921 2921 1080 2985 accedens
1095 2921 1164 2985 sive
1179 2921 1349 3003 acquisita,

198 3035 256 3089 aut
286 3045 396 3088 rursus
429 3026 585 3089 recedens
622 3024 690 3089 slve
723 3025 884 3109 deposita.
941 3024 1105 3107 Quocirca
1135 3025 1349 3106 particulares

198 3128 439 3211 propositiones
466 3149 530 3192 non
561 3129 687 3193 habent
708 3129 978 3212 proerogatiuam
1004 3127 1149 3209 aliquam
1177 3129 1348 3211 majorem,

197 3233 259 3296 nisi
282 3243 411 3296 tantum
437 3233 470 3296 in
493 3253 570 3297 casu
594 3235 826 3316 migrationis·
858 3234 991 3316 dequo
1015 3243 1113 3297 antea
1137 3234 1264 3297 dictum
1290 3244 1348 3298 est.

199 3337 246 3401 Et
270 3336 490 3410 nihilominus
518 3339 620 3401 etiam
650 3337 862 3421 partIculares
889 3338 963 3401 illae
990 3337 1231 3419 propositiones
1258 3359 1349 3404 com-

198 3450 332 3525 paratae
363 3451 396 3505 et
426 3441 567 3506 collatae
597 3462 672 3506 cum
703 3441 940 3505 universalibus
971 3440 1111 3504 multum
1138 3441 1276 3523 juvant3
1313 3453 1350 3507 ut

199 3682 348 3738 aNatural
364 3681 489 3751 History‚
501 3682 559 3735 and
578 3698 609 3736 as
628 3679 821 3737 instrumental
840 3680 868 3735 in
888 3680 1033 3751 removing
1051 3679 1218 3751 prejudices‚
1231 3683 1300 3736 than
1317 3700 1349 3737 as

198 3767 315 3836 directly
335 3766 498 3835 suggesting
519 3765 660 3820 inductiva
685 3765 845 3820 inierences.
893 3767 956 3832 But,
975 3783 1007 3820 as
1027 3767 1077 3819 Dr.
1097 3765 1211 3820 Kitchin
1236 3783 1309 3835 says,
1329 3765 1349 3820 it

199 3851 223 3906 is
241 3850 312 3904 hard
330 3859 360 3904 to
379 3867 425 3905 see
442 3850 512 3917 why,
530 3848 554 3904 if
568 3849 636 3919 they
653 3865 700 3904 are
719 3849 823 3918 merely
841 3848 1028 3919 preliminary,
1047 3849 1115 3917 they
1133 3848 1234 3902 should
1253 3849 1288 3903 be
1307 3849 1349 3903 in·

198 3934 291 3988 serted
304 3933 332 3987 in
345 3933 401 3988 this
414 3934 502 4002 place.

233 4015 255 4047 ³⁰
273 4018 336 4072 The
348 4018 464 4072 seventh
475 4017 503 4072 in
518 4016 600 4070 order
616 4015 648 4070 of
656 4017 703 4070 the
716 4014 838 4086 ‘reliqua
849 4014 951 4069 auxilia
963 4013 1131 4069 intellectus'
1144 4012 1202 4082 (see
1212 4013 1285 4084 Aph.
1295 4014 1349 4084 21).

198 4101 268 4156 This
281 4111 343 4171 part
357 4100 388 4155 oi
398 4100 445 4155 the
459 4103 572 4154 Novum
588 4101 731 4169 Organum
746 4101 841 4153 Bacon
854 4116 939 4153 never
950 4097 1078 4152 reached.

233 4183 254 4214 ³¹
273 4185 366 4239 These
379 4183 521 4239 instantes
533 4201 581 4238 are
594 4184 662 4238 such
673 4199 705 4237 as
714 4183 762 4237 the
774 4190 872 4236 nature
885 4181 914 4236 ln
927 4181 1055 4252 question
1068 4180 1092 4235 is
1104 4183 1349 4250 constantlyasso·

198 4267 290 4324 ciated
300 4268 375 4336 with,
388 4285 420 4322 or
432 4267 591 4336 constantly
603 4266 772 4322 dissociated
789 4265 868 4321 srom.
905 4266 968 4321 The
983 4264 1039 4320 lact
1052 4263 1076 4320 is
1088 4265 1247 4334 expressed,
1260 4263 1288 4318 in
1301 4264 1349 4319 the

199 4369 252 4408 one
265 4369 338 4420 case,
351 4352 389 4421 by
402 4369 439 4406 an
453 4350 601 4407 Universal
614 4349 796 4418 Atiirrnative,
809 4349 875 4416 and,
889 4349 918 4403 in
935 4350 983 4404 the
999 4349 1087 4416 other,
1100 4349 1137 4418 by
1150 4367 1187 4403 an
1201 4348 1349 4404 Universal

200 4437 226 4490 N
230 4435 339 4506 egative
350 4434 534 4506 Proposition.
573 4436 606 4488 ln
616 4434 684 4489 both
694 4451 782 4500 cases,
793 4433 841 4488 the
854 4433 980 4488 instance
992 4431 1132 4487 lurnishes
1144 4433 1192 4488 the
1206 4431 1312 4503 subject
1321 4433 1353 4486 oi

200 4520 249 4575 the
261 4519 444 4592 proposition,
458 4519 514 4574 and
527 4520 575 4574 the
587 4529 686 4574 nature
699 4518 727 4573 in
741 4516 869 4588 question
882 4518 929 4572 the
941 4515 1093 4587 predicate.

730 4620 827 4690 oga
