<?xml version="1.0" encoding="UTF-8"?>
<!DOCTYPE html PUBLIC "-//W3C//DTD XHTML 1.0 Transitional//EN"
    "http://www.w3.org/TR/xhtml1/DTD/xhtml1-transitional.dtd">
<html xmlns="http://www.w3.org/1999/xhtml" xml:lang="en" lang="en">
 <head>
  <title>
</title>
<meta http-equiv="Content-Type" content="text/html;charset=utf-8" />
  <meta name='ocr-system' content='tesseract 3.04.00' />
  <meta name='ocr-capabilities' content='ocr_page ocr_carea ocr_par ocr_line ocrx_word'/>
</head>
<body>
  <div class='ocr_page' id='page_1' title='image "./baconsnovumorga00bacogoog/baconsnovumorga00bacogoog_0654.png"; bbox 0 0 3250 5138; ppageno 0'>
   <div class='ocr_carea' id='block_1_1' title="bbox 638 401 1321 489">
    <p class='ocr_par' dir='ltr' id='par_1_1' title="bbox 638 401 1321 489">
     <span class='ocr_line' id='line_1_1' title="bbox 638 401 1321 489; baseline -0.003 -26"><span class='ocrx_word' id='word_1_1' title='bbox 638 410 720 466; x_wconf 74' lang='lat' dir='ltr'>ars.</span> <span class='ocrx_word' id='word_1_2' title='bbox 743 411 786 467; x_wconf 85' lang='lat' dir='ltr'>rr.</span> <span class='ocrx_word' id='word_1_3' title='bbox 805 401 857 480; x_wconf 86' lang='lat'>48.</span> <span class='ocrx_word' id='word_1_4' title='bbox 1258 415 1321 489; x_wconf 83' lang='lat'>553</span> 
     </span>
    </p>
   </div>
   <div class='ocr_carea' id='block_1_2' title="bbox 171 575 1328 3054">
    <p class='ocr_par' dir='ltr' id='par_1_2' title="bbox 171 575 1328 3054">
     <span class='ocr_line' id='line_1_2' title="bbox 172 575 1322 659; baseline 0.001 -21"><span class='ocrx_word' id='word_1_5' title='bbox 172 575 275 657; x_wconf 88' lang='lat' dir='ltr'>nugis,</span> <span class='ocrx_word' id='word_1_6' title='bbox 300 575 517 640; x_wconf 90' lang='lat' dir='ltr'>certissimum</span> <span class='ocrx_word' id='word_1_7' title='bbox 549 585 599 640; x_wconf 91' lang='lat' dir='ltr'>est</span> <span class='ocrx_word' id='word_1_8' title='bbox 625 585 736 659; x_wconf 89' lang='lat' dir='ltr'>partes</span> <span class='ocrx_word' id='word_1_9' title='bbox 766 575 920 658; x_wconf 89' lang='lat' dir='ltr'>singulas,</span> <span class='ocrx_word' id='word_1_10' title='bbox 944 585 1012 640; x_wconf 94' lang='lat' dir='ltr'>tam</span> <span class='ocrx_word' id='word_1_11' title='bbox 1039 575 1198 640; x_wconf 90' lang='lat' dir='ltr'>similares</span> <span class='ocrx_word' id='word_1_12' title='bbox 1223 596 1322 658; x_wconf 90' lang='lat' dir='ltr'>quam</span> 
     </span>
     <span class='ocr_line' id='line_1_3' title="bbox 171 679 1322 764; baseline -0.001 -20"><span class='ocrx_word' id='word_1_13' title='bbox 171 681 353 764; x_wconf 90' lang='lat' dir='ltr'>organicas,</span> <span class='ocrx_word' id='word_1_14' title='bbox 369 682 401 744; x_wconf 91' lang='lat' dir='ltr'>in</span> <span class='ocrx_word' id='word_1_15' title='bbox 416 681 655 764; x_wconf 83' lang='lat' dir='ltr'>vegetabilibus</span> <span class='ocrx_word' id='word_1_16' title='bbox 677 693 712 746; x_wconf 89' lang='lat' dir='ltr'>et</span> <span class='ocrx_word' id='word_1_17' title='bbox 729 680 934 758; x_wconf 84' lang='lat' dir='ltr'>animalibus,</span> <span class='ocrx_word' id='word_1_18' title='bbox 953 701 1068 745; x_wconf 90' lang='lat' dir='ltr'>succos</span> <span class='ocrx_word' id='word_1_19' title='bbox 1091 679 1322 744; x_wconf 88' lang='lat' dir='ltr'>alimentorum</span> 
     </span>
     <span class='ocr_line' id='line_1_4' title="bbox 172 784 1321 866; baseline 0 -18"><span class='ocrx_word' id='word_1_20' title='bbox 172 804 305 848; x_wconf 90' lang='lat' dir='ltr'>suorum</span> <span class='ocrx_word' id='word_1_21' title='bbox 328 784 396 848; x_wconf 86' lang='lat' dir='ltr'>iere</span> <span class='ocrx_word' id='word_1_22' title='bbox 418 805 618 864; x_wconf 90' lang='lat' dir='ltr'>communes,</span> <span class='ocrx_word' id='word_1_23' title='bbox 637 796 694 849; x_wconf 91' lang='lat' dir='ltr'>aut</span> <span class='ocrx_word' id='word_1_24' title='bbox 715 805 781 848; x_wconf 93' lang='lat' dir='ltr'>non</span> <span class='ocrx_word' id='word_1_25' title='bbox 804 784 946 848; x_wconf 90' lang='lat' dir='ltr'>multum</span> <span class='ocrx_word' id='word_1_26' title='bbox 969 785 1124 860; x_wconf 88' lang='lat' dir='ltr'>diversos,</span> <span class='ocrx_word' id='word_1_27' title='bbox 1143 785 1250 866; x_wconf 92' lang='lat' dir='ltr'>primo</span> <span class='ocrx_word' id='word_1_28' title='bbox 1273 794 1321 848; x_wconf 87' lang='lat' dir='ltr'>at·</span> 
     </span>
     <span class='ocr_line' id='line_1_5' title="bbox 172 889 1323 964; baseline 0 -14"><span class='ocrx_word' id='word_1_29' title='bbox 172 889 301 952; x_wconf 85' lang='lat' dir='ltr'>trahere</span> <span class='ocrx_word' id='word_1_30' title='bbox 323 908 399 952; x_wconf 90' lang='lat' dir='ltr'>cum</span> <span class='ocrx_word' id='word_1_31' title='bbox 421 891 579 953; x_wconf 92' lang='lat' dir='ltr'>nonnullo</span> <span class='ocrx_word' id='word_1_32' title='bbox 599 890 738 964; x_wconf 89' lang='lat' dir='ltr'>delectu,</span> <span class='ocrx_word' id='word_1_33' title='bbox 755 889 875 952; x_wconf 92' lang='lat' dir='ltr'>deinde</span> <span class='ocrx_word' id='word_1_34' title='bbox 893 889 1082 962; x_wconf 87' lang='lat' dir='ltr'>assimilare,</span> <span class='ocrx_word' id='word_1_35' title='bbox 1099 898 1132 950; x_wconf 93' lang='lat' dir='ltr'>et</span> <span class='ocrx_word' id='word_1_36' title='bbox 1147 898 1273 951; x_wconf 91' lang='lat' dir='ltr'>vertere</span> <span class='ocrx_word' id='word_1_37' title='bbox 1291 889 1323 950; x_wconf 94' lang='lat' dir='ltr'>in</span> 
     </span>
     <span class='ocr_line' id='line_1_6' title="bbox 173 991 1325 1076; baseline 0 -22"><span class='ocrx_word' id='word_1_38' title='bbox 173 1000 325 1056; x_wconf 86' lang='lat' dir='ltr'>naturam</span> <span class='ocrx_word' id='word_1_39' title='bbox 340 1013 444 1057; x_wconf 91' lang='lat' dir='ltr'>suam.</span> <span class='ocrx_word' id='word_1_40' title='bbox 490 994 609 1076; x_wconf 89' lang='lat' dir='ltr'>Neque</span> <span class='ocrx_word' id='word_1_41' title='bbox 627 992 821 1057; x_wconf 82' lang='lat' dir='ltr'>assimilatio</span> <span class='ocrx_word' id='word_1_42' title='bbox 836 993 908 1066; x_wconf 91' lang='lat' dir='ltr'>ista,</span> <span class='ocrx_word' id='word_1_43' title='bbox 924 1001 983 1056; x_wconf 92' lang='lat' dir='ltr'>aut</span> <span class='ocrx_word' id='word_1_44' title='bbox 995 991 1165 1072; x_wconf 78' lang='lat' dir='ltr'>generatio</span> <span class='ocrx_word' id='word_1_45' title='bbox 1180 991 1325 1073; x_wconf 76' lang='lat' dir='ltr'>simplex,</span> 
     </span>
     <span class='ocr_line' id='line_1_7' title="bbox 173 1095 1324 1180; baseline 0.001 -23"><span class='ocrx_word' id='word_1_46' title='bbox 173 1095 211 1158; x_wconf 89' lang='lat' dir='ltr'>tit</span> <span class='ocrx_word' id='word_1_47' title='bbox 222 1095 331 1158; x_wconf 90' lang='lat' dir='ltr'>solum</span> <span class='ocrx_word' id='word_1_48' title='bbox 347 1097 380 1159; x_wconf 93' lang='lat' dir='ltr'>in</span> <span class='ocrx_word' id='word_1_49' title='bbox 393 1099 585 1180; x_wconf 86' lang='lat' dir='ltr'>corporibus</span> <span class='ocrx_word' id='word_1_50' title='bbox 601 1097 764 1172; x_wconf 88' lang='lat' dir='ltr'>animatis,</span> <span class='ocrx_word' id='word_1_51' title='bbox 773 1117 888 1160; x_wconf 91' lang='lat' dir='ltr'>verum</span> <span class='ocrx_word' id='word_1_52' title='bbox 905 1106 939 1159; x_wconf 94' lang='lat' dir='ltr'>et</span> <span class='ocrx_word' id='word_1_53' title='bbox 955 1096 1135 1158; x_wconf 89' lang='lat' dir='ltr'>inanimata</span> <span class='ocrx_word' id='word_1_54' title='bbox 1150 1115 1195 1158; x_wconf 90' lang='lat' dir='ltr'>ex</span> <span class='ocrx_word' id='word_1_55' title='bbox 1210 1095 1272 1158; x_wconf 91' lang='lat' dir='ltr'>hac</span> <span class='ocrx_word' id='word_1_56' title='bbox 1290 1115 1324 1158; x_wconf 90' lang='lat' dir='ltr'>re</span> 
     </span>
     <span class='ocr_line' id='line_1_8' title="bbox 174 1197 1322 1282; baseline 0 -20"><span class='ocrx_word' id='word_1_57' title='bbox 174 1199 393 1282; x_wconf 85' lang='lat' dir='ltr'>participant3</span> <span class='ocrx_word' id='word_1_58' title='bbox 415 1201 517 1264; x_wconf 92' lang='lat' dir='ltr'>veluti</span> <span class='ocrx_word' id='word_1_59' title='bbox 532 1203 574 1265; x_wconf 93' lang='lat' dir='ltr'>de</span> <span class='ocrx_word' id='word_1_60' title='bbox 590 1200 724 1265; x_wconf 90' lang='lat' dir='ltr'>flamma</span> <span class='ocrx_word' id='word_1_61' title='bbox 739 1211 773 1265; x_wconf 94' lang='lat' dir='ltr'>et</span> <span class='ocrx_word' id='word_1_62' title='bbox 788 1207 864 1263; x_wconf 74' lang='lat' dir='ltr'>aere</span> <span class='ocrx_word' id='word_1_63' title='bbox 882 1200 1007 1263; x_wconf 91' lang='lat' dir='ltr'>dictum</span> <span class='ocrx_word' id='word_1_64' title='bbox 1024 1209 1084 1262; x_wconf 91' lang='lat' dir='ltr'>est.</span> <span class='ocrx_word' id='word_1_65' title='bbox 1129 1197 1322 1281; x_wconf 84' lang='lat' dir='ltr'>Quinetiam</span> 
     </span>
     <span class='ocr_line' id='line_1_9' title="bbox 173 1303 1323 1387; baseline 0.001 -22"><span class='ocrx_word' id='word_1_66' title='bbox 173 1303 307 1384; x_wconf 89' lang='lat' dir='ltr'>spiritus</span> <span class='ocrx_word' id='word_1_67' title='bbox 326 1314 495 1368; x_wconf 92' lang='lat' dir='ltr'>emortuus</span> <span class='ocrx_word' id='word_1_68' title='bbox 504 1303 540 1383; x_wconf 83' lang='lat'>²⁹,</span> <span class='ocrx_word' id='word_1_69' title='bbox 555 1305 612 1387; x_wconf 93' lang='lat' dir='ltr'>qui</span> <span class='ocrx_word' id='word_1_70' title='bbox 632 1306 663 1367; x_wconf 96' lang='lat' dir='ltr'>in</span> <span class='ocrx_word' id='word_1_71' title='bbox 683 1305 772 1368; x_wconf 90' lang='lat' dir='ltr'>omni</span> <span class='ocrx_word' id='word_1_72' title='bbox 794 1303 943 1386; x_wconf 86' lang='lat' dir='ltr'>tangibili</span> <span class='ocrx_word' id='word_1_73' title='bbox 963 1303 1110 1366; x_wconf 88' lang='lat' dir='ltr'>animato</span> <span class='ocrx_word' id='word_1_74' title='bbox 1129 1303 1323 1378; x_wconf 87' lang='lat' dir='ltr'>continetur,</span> 
     </span>
     <span class='ocr_line' id='line_1_10' title="bbox 175 1406 1323 1492; baseline 0.002 -24"><span class='ocrx_word' id='word_1_75' title='bbox 175 1406 207 1469; x_wconf 92' lang='lat' dir='ltr'>id</span> <span class='ocrx_word' id='word_1_76' title='bbox 235 1418 395 1490; x_wconf 92' lang='lat' dir='ltr'>perpetuo</span> <span class='ocrx_word' id='word_1_77' title='bbox 421 1409 500 1491; x_wconf 86' lang='lat' dir='ltr'>agit,</span> <span class='ocrx_word' id='word_1_78' title='bbox 525 1419 562 1472; x_wconf 91' lang='lat' dir='ltr'>ut</span> <span class='ocrx_word' id='word_1_79' title='bbox 589 1418 699 1492; x_wconf 89' lang='lat' dir='ltr'>partes</span> <span class='ocrx_word' id='word_1_80' title='bbox 730 1408 903 1472; x_wconf 88' lang='lat' dir='ltr'>crassiores</span> <span class='ocrx_word' id='word_1_81' title='bbox 932 1407 1063 1490; x_wconf 87' lang='lat' dir='ltr'>digerat</span> <span class='ocrx_word' id='word_1_82' title='bbox 1092 1416 1126 1472; x_wconf 88' lang='lat' dir='ltr'>et</span> <span class='ocrx_word' id='word_1_83' title='bbox 1155 1416 1263 1471; x_wconf 87' lang='lat' dir='ltr'>vertat</span> <span class='ocrx_word' id='word_1_84' title='bbox 1291 1407 1323 1470; x_wconf 97' lang='lat' dir='ltr'>in</span> 
     </span>
     <span class='ocr_line' id='line_1_11' title="bbox 174 1511 1324 1594; baseline 0.001 -21"><span class='ocrx_word' id='word_1_85' title='bbox 174 1511 336 1594; x_wconf 90' lang='lat' dir='ltr'>spiritum,</span> <span class='ocrx_word' id='word_1_86' title='bbox 358 1513 414 1594; x_wconf 92' lang='lat' dir='ltr'>qui</span> <span class='ocrx_word' id='word_1_87' title='bbox 437 1513 556 1576; x_wconf 92' lang='lat' dir='ltr'>deinde</span> <span class='ocrx_word' id='word_1_88' title='bbox 582 1522 700 1588; x_wconf 87' lang='lat' dir='ltr'>exeat;</span> <span class='ocrx_word' id='word_1_89' title='bbox 730 1514 819 1577; x_wconf 90' lang='lat' dir='ltr'>unde</span> <span class='ocrx_word' id='word_1_90' title='bbox 845 1511 882 1574; x_wconf 88' lang='lat' dir='ltr'>fit</span> <span class='ocrx_word' id='word_1_91' title='bbox 909 1511 1086 1575; x_wconf 91' lang='lat' dir='ltr'>diminutio</span> <span class='ocrx_word' id='word_1_92' title='bbox 1112 1511 1267 1592; x_wconf 89' lang='lat' dir='ltr'>ponderis</span> <span class='ocrx_word' id='word_1_93' title='bbox 1291 1520 1324 1574; x_wconf 91' lang='lat' dir='ltr'>et</span> 
     </span>
     <span class='ocr_line' id='line_1_12' title="bbox 174 1614 1325 1698; baseline 0.001 -20"><span class='ocrx_word' id='word_1_94' title='bbox 174 1615 364 1690; x_wconf 87' lang='lat' dir='ltr'>exsiccatio,</span> <span class='ocrx_word' id='word_1_95' title='bbox 390 1627 426 1680; x_wconf 93' lang='lat' dir='ltr'>ut</span> <span class='ocrx_word' id='word_1_96' title='bbox 452 1615 529 1680; x_wconf 88' lang='lat' dir='ltr'>alibi</span> <span class='ocrx_word' id='word_1_97' title='bbox 553 1618 701 1680; x_wconf 90' lang='lat' dir='ltr'>diximus</span> <span class='ocrx_word' id='word_1_98' title='bbox 711 1616 745 1682; x_wconf 78' lang='lat'>³⁰.</span> <span class='ocrx_word' id='word_1_99' title='bbox 798 1617 917 1698; x_wconf 90' lang='lat' dir='ltr'>Neque</span> <span class='ocrx_word' id='word_1_100' title='bbox 940 1616 1040 1679; x_wconf 91' lang='lat' dir='ltr'>etiam</span> <span class='ocrx_word' id='word_1_101' title='bbox 1066 1614 1249 1698; x_wconf 91' lang='lat' dir='ltr'>respuenda</span> <span class='ocrx_word' id='word_1_102' title='bbox 1274 1626 1325 1679; x_wconf 88' lang='lat' dir='ltr'>est</span> 
     </span>
     <span class='ocr_line' id='line_1_13' title="bbox 175 1718 1325 1802; baseline 0.001 -21"><span class='ocrx_word' id='word_1_103' title='bbox 175 1719 207 1780; x_wconf 92' lang='lat' dir='ltr'>in</span> <span class='ocrx_word' id='word_1_104' title='bbox 232 1721 470 1785; x_wconf 84' lang='lat' dir='ltr'>assimilatione</span> <span class='ocrx_word' id='word_1_105' title='bbox 497 1722 640 1785; x_wconf 89' lang='lat' dir='ltr'>accretio</span> <span class='ocrx_word' id='word_1_106' title='bbox 671 1720 734 1794; x_wconf 91' lang='lat' dir='ltr'>illa,</span> <span class='ocrx_word' id='word_1_107' title='bbox 758 1741 858 1802; x_wconf 91' lang='lat' dir='ltr'>quam</span> <span class='ocrx_word' id='word_1_108' title='bbox 883 1718 982 1802; x_wconf 90' lang='lat' dir='ltr'>vulgo</span> <span class='ocrx_word' id='word_1_109' title='bbox 1008 1719 1052 1782; x_wconf 94' lang='lat' dir='ltr'>ab</span> <span class='ocrx_word' id='word_1_110' title='bbox 1077 1719 1325 1782; x_wconf 91' lang='lat' dir='ltr'>alimentatione</span> 
     </span>
     <span class='ocr_line' id='line_1_14' title="bbox 175 1821 1324 1906; baseline 0.002 -21"><span class='ocrx_word' id='word_1_111' title='bbox 175 1824 401 1906; x_wconf 90' lang='lat' dir='ltr'>distinguunt;</span> <span class='ocrx_word' id='word_1_112' title='bbox 438 1825 539 1890; x_wconf 90' lang='lat' dir='ltr'>veluti</span> <span class='ocrx_word' id='word_1_113' title='bbox 572 1845 647 1890; x_wconf 91' lang='lat' dir='ltr'>cum</span> <span class='ocrx_word' id='word_1_114' title='bbox 683 1821 824 1888; x_wconf 86' lang='lat' dir='ltr'>lutum³1</span> <span class='ocrx_word' id='word_1_115' title='bbox 855 1825 938 1886; x_wconf 91' lang='lat' dir='ltr'>inter</span> <span class='ocrx_word' id='word_1_116' title='bbox 970 1823 1100 1906; x_wconf 90' lang='lat' dir='ltr'>lapillos</span> <span class='ocrx_word' id='word_1_117' title='bbox 1133 1824 1324 1898; x_wconf 87' lang='lat' dir='ltr'>concrescit,</span> 
     </span>
     <span class='ocr_line' id='line_1_15' title="bbox 175 1927 1327 2013; baseline 0 -23"><span class='ocrx_word' id='word_1_118' title='bbox 175 1934 208 1990; x_wconf 91' lang='lat' dir='ltr'>et</span> <span class='ocrx_word' id='word_1_119' title='bbox 234 1929 374 1992; x_wconf 90' lang='lat' dir='ltr'>vertitur</span> <span class='ocrx_word' id='word_1_120' title='bbox 399 1929 432 1992; x_wconf 92' lang='lat' dir='ltr'>in</span> <span class='ocrx_word' id='word_1_121' title='bbox 459 1930 630 1994; x_wconf 83' lang='lat' dir='ltr'>materiam</span> <span class='ocrx_word' id='word_1_122' title='bbox 661 1929 846 2013; x_wconf 89' lang='lat' dir='ltr'>lapideam;</span> <span class='ocrx_word' id='word_1_123' title='bbox 880 1947 1073 2010; x_wconf 88' lang='lat' dir='ltr'>squammae</span> <span class='ocrx_word' id='word_1_124' title='bbox 1099 1927 1183 1991; x_wconf 86' lang='lat' dir='ltr'>circa</span> <span class='ocrx_word' id='word_1_125' title='bbox 1209 1928 1327 1991; x_wconf 89' lang='lat' dir='ltr'>dentes</span> 
     </span>
     <span class='ocr_line' id='line_1_16' title="bbox 173 2032 1327 2113; baseline 0.001 -20"><span class='ocrx_word' id='word_1_126' title='bbox 173 2041 348 2095; x_wconf 90' lang='lat' dir='ltr'>vertuntur</span> <span class='ocrx_word' id='word_1_127' title='bbox 363 2032 396 2096; x_wconf 93' lang='lat' dir='ltr'>in</span> <span class='ocrx_word' id='word_1_128' title='bbox 412 2035 631 2098; x_wconf 86' lang='lat' dir='ltr'>substantiam</span> <span class='ocrx_word' id='word_1_129' title='bbox 653 2054 719 2096; x_wconf 92' lang='lat' dir='ltr'>non</span> <span class='ocrx_word' id='word_1_130' title='bbox 738 2033 846 2096; x_wconf 92' lang='lat' dir='ltr'>minus</span> <span class='ocrx_word' id='word_1_131' title='bbox 868 2033 984 2095; x_wconf 91' lang='lat' dir='ltr'>duram</span> <span class='ocrx_word' id='word_1_132' title='bbox 1004 2051 1102 2113; x_wconf 92' lang='lat' dir='ltr'>quam</span> <span class='ocrx_word' id='word_1_133' title='bbox 1120 2041 1196 2094; x_wconf 93' lang='lat' dir='ltr'>sunt</span> <span class='ocrx_word' id='word_1_134' title='bbox 1211 2033 1327 2096; x_wconf 89' lang='lat' dir='ltr'>dentes</span> 
     </span>
     <span class='ocr_line' id='line_1_17' title="bbox 175 2135 1327 2219; baseline 0.003 -24"><span class='ocrx_word' id='word_1_135' title='bbox 175 2135 246 2217; x_wconf 90' lang='lat' dir='ltr'>ipsi,</span> <span class='ocrx_word' id='word_1_136' title='bbox 271 2146 334 2200; x_wconf 92' lang='lat' dir='ltr'>etc.</span> <span class='ocrx_word' id='word_1_137' title='bbox 390 2136 514 2201; x_wconf 90' lang='lat' dir='ltr'>Sumus</span> <span class='ocrx_word' id='word_1_138' title='bbox 549 2137 636 2200; x_wconf 92' lang='lat' dir='ltr'>enim</span> <span class='ocrx_word' id='word_1_139' title='bbox 670 2137 702 2200; x_wconf 91' lang='lat' dir='ltr'>in</span> <span class='ocrx_word' id='word_1_140' title='bbox 731 2157 771 2200; x_wconf 92' lang='lat' dir='ltr'>ea</span> <span class='ocrx_word' id='word_1_141' title='bbox 806 2137 970 2219; x_wconf 92' lang='lat' dir='ltr'>opinione,</span> <span class='ocrx_word' id='word_1_142' title='bbox 999 2135 1104 2200; x_wconf 89' lang='lat' dir='ltr'>inesse</span> <span class='ocrx_word' id='word_1_143' title='bbox 1134 2137 1327 2216; x_wconf 92' lang='lat' dir='ltr'>corporibus</span> 
     </span>
     <span class='ocr_line' id='line_1_18' title="bbox 176 2240 1327 2320; baseline 0 -18"><span class='ocrx_word' id='word_1_144' title='bbox 176 2240 329 2305; x_wconf 89' lang='lat' dir='ltr'>omnibus</span> <span class='ocrx_word' id='word_1_145' title='bbox 355 2242 554 2307; x_wconf 87' lang='lat' dir='ltr'>desiderium</span> <span class='ocrx_word' id='word_1_146' title='bbox 584 2241 798 2318; x_wconf 89' lang='lat' dir='ltr'>assimilandi,</span> <span class='ocrx_word' id='word_1_147' title='bbox 825 2261 892 2304; x_wconf 92' lang='lat' dir='ltr'>non</span> <span class='ocrx_word' id='word_1_148' title='bbox 924 2240 1030 2304; x_wconf 89' lang='lat' dir='ltr'>minus</span> <span class='ocrx_word' id='word_1_149' title='bbox 1060 2259 1160 2320; x_wconf 92' lang='lat' dir='ltr'>quam</span> <span class='ocrx_word' id='word_1_150' title='bbox 1187 2241 1327 2303; x_wconf 91' lang='lat' dir='ltr'>co&#39;e&#39;undi</span> 
     </span>
     <span class='ocr_line' id='line_1_19' title="bbox 175 2343 1327 2429; baseline 0.001 -24"><span class='ocrx_word' id='word_1_151' title='bbox 175 2343 218 2406; x_wconf 93' lang='lat' dir='ltr'>ad</span> <span class='ocrx_word' id='word_1_152' title='bbox 242 2343 471 2428; x_wconf 83' lang='lat' dir='ltr'>homogenea3</span> <span class='ocrx_word' id='word_1_153' title='bbox 496 2367 609 2410; x_wconf 91' lang='lat' dir='ltr'>verum</span> <span class='ocrx_word' id='word_1_154' title='bbox 637 2346 758 2429; x_wconf 92' lang='lat' dir='ltr'>ligatur</span> <span class='ocrx_word' id='word_1_155' title='bbox 783 2346 846 2409; x_wconf 90' lang='lat' dir='ltr'>ista</span> <span class='ocrx_word' id='word_1_156' title='bbox 872 2344 983 2421; x_wconf 91' lang='lat' dir='ltr'>virtus,</span> <span class='ocrx_word' id='word_1_157' title='bbox 1003 2343 1088 2407; x_wconf 92' lang='lat' dir='ltr'>sicut</span> <span class='ocrx_word' id='word_1_158' title='bbox 1113 2353 1146 2406; x_wconf 90' lang='lat' dir='ltr'>et</span> <span class='ocrx_word' id='word_1_159' title='bbox 1168 2343 1234 2417; x_wconf 92' lang='lat' dir='ltr'>illa,</span> <span class='ocrx_word' id='word_1_160' title='bbox 1252 2344 1327 2408; x_wconf 89' lang='lat' dir='ltr'>licet</span> 
     </span>
     <span class='ocr_line' id='line_1_20' title="bbox 176 2446 1327 2522; baseline 0 -12"><span class='ocrx_word' id='word_1_161' title='bbox 176 2467 243 2511; x_wconf 92' lang='lat' dir='ltr'>non</span> <span class='ocrx_word' id='word_1_162' title='bbox 266 2449 383 2512; x_wconf 91' lang='lat' dir='ltr'>iisdem</span> <span class='ocrx_word' id='word_1_163' title='bbox 406 2451 522 2514; x_wconf 88' lang='lat' dir='ltr'>modis.</span> <span class='ocrx_word' id='word_1_164' title='bbox 568 2450 637 2515; x_wconf 91' lang='lat' dir='ltr'>Sed</span> <span class='ocrx_word' id='word_1_165' title='bbox 661 2452 779 2514; x_wconf 92' lang='lat' dir='ltr'>modos</span> <span class='ocrx_word' id='word_1_166' title='bbox 803 2449 886 2522; x_wconf 92' lang='lat' dir='ltr'>illos,</span> <span class='ocrx_word' id='word_1_167' title='bbox 910 2468 1037 2510; x_wconf 90' lang='lat' dir='ltr'>necnon</span> <span class='ocrx_word' id='word_1_168' title='bbox 1061 2446 1260 2510; x_wconf 90' lang='lat' dir='ltr'>solutionem</span> <span class='ocrx_word' id='word_1_169' title='bbox 1284 2447 1327 2510; x_wconf 91' lang='lat' dir='ltr'>ab</span> 
     </span>
     <span class='ocr_line' id='line_1_21' title="bbox 176 2551 1327 2638; baseline 0 -24"><span class='ocrx_word' id='word_1_170' title='bbox 176 2551 303 2629; x_wconf 89' lang='lat' dir='ltr'>iisdem,</span> <span class='ocrx_word' id='word_1_171' title='bbox 326 2553 416 2616; x_wconf 92' lang='lat' dir='ltr'>omni</span> <span class='ocrx_word' id='word_1_172' title='bbox 439 2555 612 2638; x_wconf 85' lang='lat' dir='ltr'>diligentia</span> <span class='ocrx_word' id='word_1_173' title='bbox 635 2556 796 2637; x_wconf 90' lang='lat' dir='ltr'>inquirere</span> <span class='ocrx_word' id='word_1_174' title='bbox 820 2561 962 2637; x_wconf 91' lang='lat' dir='ltr'>oportet,</span> <span class='ocrx_word' id='word_1_175' title='bbox 990 2551 1066 2632; x_wconf 87' lang='lat' dir='ltr'>quia</span> <span class='ocrx_word' id='word_1_176' title='bbox 1094 2551 1259 2634; x_wconf 92' lang='lat' dir='ltr'>pertinent</span> <span class='ocrx_word' id='word_1_177' title='bbox 1283 2552 1327 2616; x_wconf 91' lang='lat' dir='ltr'>ad</span> 
     </span>
     <span class='ocr_line' id='line_1_22' title="bbox 176 2655 1328 2738; baseline -0.001 -20"><span class='ocrx_word' id='word_1_178' title='bbox 176 2658 356 2720; x_wconf 84' lang='lat' dir='ltr'>senectutis</span> <span class='ocrx_word' id='word_1_179' title='bbox 386 2657 655 2724; x_wconf 80' lang='lat' dir='ltr'>refocillationem</span> <span class='ocrx_word' id='word_1_180' title='bbox 666 2657 702 2723; x_wconf 81' lang='lat'>³².</span> <span class='ocrx_word' id='word_1_181' title='bbox 757 2659 930 2723; x_wconf 91' lang='lat' dir='ltr'>Postremo</span> <span class='ocrx_word' id='word_1_182' title='bbox 954 2656 1084 2718; x_wconf 91' lang='lat' dir='ltr'>videtur</span> <span class='ocrx_word' id='word_1_183' title='bbox 1113 2663 1229 2718; x_wconf 90' lang='lat' dir='ltr'>notatu</span> <span class='ocrx_word' id='word_1_184' title='bbox 1256 2655 1328 2738; x_wconf 92' lang='lat' dir='ltr'>dig·</span> 
     </span>
     <span class='ocr_line' id='line_1_23' title="bbox 176 2759 1326 2843; baseline 0.001 -22"><span class='ocrx_word' id='word_1_185' title='bbox 176 2779 264 2835; x_wconf 93' lang='lat' dir='ltr'>num,</span> <span class='ocrx_word' id='word_1_186' title='bbox 290 2763 381 2843; x_wconf 93' lang='lat' dir='ltr'>quod</span> <span class='ocrx_word' id='word_1_187' title='bbox 416 2763 448 2826; x_wconf 94' lang='lat' dir='ltr'>in</span> <span class='ocrx_word' id='word_1_188' title='bbox 480 2763 636 2828; x_wconf 81' lang='lat' dir='ltr'>novem³³</span> <span class='ocrx_word' id='word_1_189' title='bbox 667 2764 729 2826; x_wconf 91' lang='lat' dir='ltr'>illis</span> <span class='ocrx_word' id='word_1_190' title='bbox 762 2763 918 2837; x_wconf 89' lang='lat' dir='ltr'>motibus,</span> <span class='ocrx_word' id='word_1_191' title='bbox 949 2762 991 2825; x_wconf 92' lang='lat' dir='ltr'>de</span> <span class='ocrx_word' id='word_1_192' title='bbox 1020 2759 1140 2842; x_wconf 91' lang='lat' dir='ltr'>quibus</span> <span class='ocrx_word' id='word_1_193' title='bbox 1170 2759 1326 2836; x_wconf 86' lang='lat' dir='ltr'>diximus,</span> 
     </span>
     <span class='ocr_line' id='line_1_24' title="bbox 175 2862 1325 2946; baseline 0 -21"><span class='ocrx_word' id='word_1_194' title='bbox 175 2883 314 2946; x_wconf 88' lang='lat' dir='ltr'>corpora</span> <span class='ocrx_word' id='word_1_195' title='bbox 329 2875 458 2930; x_wconf 88' lang='lat' dir='ltr'>tantum</span> <span class='ocrx_word' id='word_1_196' title='bbox 482 2877 618 2932; x_wconf 88' lang='lat' dir='ltr'>naturae</span> <span class='ocrx_word' id='word_1_197' title='bbox 639 2888 718 2932; x_wconf 92' lang='lat' dir='ltr'>suae</span> <span class='ocrx_word' id='word_1_198' title='bbox 738 2866 1019 2932; x_wconf 87' lang='lat' dir='ltr'>conservationem</span> <span class='ocrx_word' id='word_1_199' title='bbox 1040 2871 1195 2946; x_wconf 89' lang='lat' dir='ltr'>appetere</span> <span class='ocrx_word' id='word_1_200' title='bbox 1210 2862 1325 2926; x_wconf 89' lang='lat' dir='ltr'>viden·</span> 
     </span>
     <span class='ocr_line' id='line_1_25' title="bbox 177 2969 954 3054; baseline 0.003 -24"><span class='ocrx_word' id='word_1_201' title='bbox 177 2976 250 3045; x_wconf 90' lang='lat' dir='ltr'>tur;</span> <span class='ocrx_word' id='word_1_202' title='bbox 274 2969 307 3032; x_wconf 93' lang='lat' dir='ltr'>in</span> <span class='ocrx_word' id='word_1_203' title='bbox 322 2969 385 3034; x_wconf 93' lang='lat' dir='ltr'>hoc</span> <span class='ocrx_word' id='word_1_204' title='bbox 400 2971 530 3036; x_wconf 92' lang='lat' dir='ltr'>decimo</span> <span class='ocrx_word' id='word_1_205' title='bbox 544 2983 656 3036; x_wconf 89' lang='lat' dir='ltr'>autem</span> <span class='ocrx_word' id='word_1_206' title='bbox 672 2972 954 3054; x_wconf 84' lang='lat' dir='ltr'>propagationem.</span> 
     </span>
    </p>
   </div>
   <div class='ocr_carea' id='block_1_3' title="bbox 179 3190 1336 4604">
    <p class='ocr_par' dir='ltr' id='par_1_3' title="bbox 179 3190 1330 3430">
     <span class='ocr_line' id='line_1_26' title="bbox 214 3190 1330 3265; baseline -0.001 -18"><span class='ocrx_word' id='word_1_207' title='bbox 214 3191 236 3224; x_wconf 76' lang='lat'>⁵⁰</span> <span class='ocrx_word' id='word_1_208' title='bbox 255 3193 301 3248; x_wconf 92' lang='lat' dir='ltr'>On</span> <span class='ocrx_word' id='word_1_209' title='bbox 313 3196 361 3251; x_wconf 91' lang='lat' dir='ltr'>the</span> <span class='ocrx_word' id='word_1_210' title='bbox 374 3194 535 3250; x_wconf 85' lang='lat' dir='ltr'>distinction</span> <span class='ocrx_word' id='word_1_211' title='bbox 549 3197 674 3250; x_wconf 89' lang='lat' dir='ltr'>between</span> <span class='ocrx_word' id='word_1_212' title='bbox 688 3196 736 3249; x_wconf 92' lang='lat' dir='ltr'>the</span> <span class='ocrx_word' id='word_1_213' title='bbox 755 3194 884 3265; x_wconf 90' lang='lat' dir='ltr'>‘spiritus</span> <span class='ocrx_word' id='word_1_214' title='bbox 896 3191 1054 3248; x_wconf 79' lang='lat' dir='ltr'>menualis’</span> <span class='ocrx_word' id='word_1_215' title='bbox 1066 3191 1123 3246; x_wconf 87' lang='lat' dir='ltr'>and</span> <span class='ocrx_word' id='word_1_216' title='bbox 1135 3191 1184 3246; x_wconf 90' lang='lat' dir='ltr'>the</span> <span class='ocrx_word' id='word_1_217' title='bbox 1200 3190 1330 3261; x_wconf 89' lang='lat' dir='ltr'>‘spiritus</span> 
     </span>
     <span class='ocr_line' id='line_1_27' title="bbox 179 3275 1329 3345; baseline 0 -16"><span class='ocrx_word' id='word_1_218' title='bbox 179 3275 289 3344; x_wconf 83' lang='lat' dir='ltr'>vitalis,’</span> <span class='ocrx_word' id='word_1_219' title='bbox 308 3295 355 3333; x_wconf 88' lang='lat' dir='ltr'>see</span> <span class='ocrx_word' id='word_1_220' title='bbox 375 3278 502 3333; x_wconf 83' lang='lat' dir='ltr'>Historia</span> <span class='ocrx_word' id='word_1_221' title='bbox 520 3279 603 3334; x_wconf 85' lang='lat' dir='ltr'>Vitae</span> <span class='ocrx_word' id='word_1_222' title='bbox 624 3289 652 3334; x_wconf 92' lang='lat' dir='ltr'>et</span> <span class='ocrx_word' id='word_1_223' title='bbox 673 3278 783 3344; x_wconf 89' lang='lat' dir='ltr'>Mortis,</span> <span class='ocrx_word' id='word_1_224' title='bbox 802 3279 835 3332; x_wconf 90' lang='lat' dir='ltr'>E.</span> <span class='ocrx_word' id='word_1_225' title='bbox 855 3278 912 3331; x_wconf 87' lang='lat' dir='ltr'>and</span> <span class='ocrx_word' id='word_1_226' title='bbox 931 3276 970 3343; x_wconf 81' lang='lat' dir='ltr'>S,</span> <span class='ocrx_word' id='word_1_227' title='bbox 989 3276 1041 3330; x_wconf 90' lang='lat' dir='ltr'>vol.</span> <span class='ocrx_word' id='word_1_228' title='bbox 1057 3275 1084 3330; x_wconf 90' lang='lat' dir='ltr'>ii.</span> <span class='ocrx_word' id='word_1_229' title='bbox 1104 3291 1149 3345; x_wconf 92' lang='lat' dir='ltr'>pp.</span> <span class='ocrx_word' id='word_1_230' title='bbox 1163 3287 1258 3341; x_wconf 86' lang='lat'>214-7.</span> <span class='ocrx_word' id='word_1_231' title='bbox 1297 3276 1329 3330; x_wconf 91' lang='lat' dir='ltr'>ln</span> 
     </span>
     <span class='ocr_line' id='line_1_28' title="bbox 180 3359 1285 3430; baseline -0.003 -15"><span class='ocrx_word' id='word_1_232' title='bbox 180 3363 294 3416; x_wconf 83' lang='lat' dir='ltr'>Canens</span> <span class='ocrx_word' id='word_1_233' title='bbox 306 3361 353 3427; x_wconf 91' lang='lat' dir='ltr'>vii,</span> <span class='ocrx_word' id='word_1_234' title='bbox 365 3361 421 3430; x_wconf 83' lang='lat' dir='ltr'>viii,</span> <span class='ocrx_word' id='word_1_235' title='bbox 435 3363 471 3418; x_wconf 87' lang='lat' dir='ltr'>he</span> <span class='ocrx_word' id='word_1_236' title='bbox 484 3363 582 3417; x_wconf 88' lang='lat' dir='ltr'>makes</span> <span class='ocrx_word' id='word_1_237' title='bbox 595 3363 642 3418; x_wconf 89' lang='lat' dir='ltr'>the</span> <span class='ocrx_word' id='word_1_238' title='bbox 656 3379 734 3417; x_wconf 87' lang='lat' dir='ltr'>same</span> <span class='ocrx_word' id='word_1_239' title='bbox 746 3361 872 3417; x_wconf 85' lang='lat' dir='ltr'>remarks</span> <span class='ocrx_word' id='word_1_240' title='bbox 884 3377 916 3415; x_wconf 90' lang='lat' dir='ltr'>as</span> <span class='ocrx_word' id='word_1_241' title='bbox 930 3359 957 3414; x_wconf 85' lang='lat' dir='ltr'>in</span> <span class='ocrx_word' id='word_1_242' title='bbox 971 3360 1019 3414; x_wconf 88' lang='lat' dir='ltr'>the</span> <span class='ocrx_word' id='word_1_243' title='bbox 1031 3367 1144 3430; x_wconf 87' lang='lat' dir='ltr'>present</span> <span class='ocrx_word' id='word_1_244' title='bbox 1158 3375 1285 3429; x_wconf 84' lang='lat' dir='ltr'>passage.</span> 
     </span>
    </p>

    <p class='ocr_par' dir='ltr' id='par_1_4' title="bbox 213 3441 403 3512">
     <span class='ocr_line' id='line_1_29' title="bbox 213 3441 403 3512; baseline -0.016 -12"><span class='ocrx_word' id='word_1_245' title='bbox 213 3441 403 3512; x_wconf 52' lang='lat' dir='ltr'>”th</span> 
     </span>
    </p>

    <p class='ocr_par' dir='ltr' id='par_1_5' title="bbox 179 3525 1331 3768">
     <span class='ocr_line' id='line_1_30' title="bbox 214 3525 1331 3600; baseline -0.004 -18"><span class='ocrx_word' id='word_1_246' title='bbox 214 3525 233 3557; x_wconf 80' lang='lat'>³¹</span> <span class='ocrx_word' id='word_1_247' title='bbox 256 3529 302 3583; x_wconf 88' lang='lat' dir='ltr'>He</span> <span class='ocrx_word' id='word_1_248' title='bbox 314 3545 413 3584; x_wconf 87' lang='lat' dir='ltr'>means</span> <span class='ocrx_word' id='word_1_249' title='bbox 430 3531 492 3600; x_wconf 89' lang='lat' dir='ltr'>clay</span> <span class='ocrx_word' id='word_1_250' title='bbox 505 3530 598 3586; x_wconf 89' lang='lat' dir='ltr'>mixed</span> <span class='ocrx_word' id='word_1_251' title='bbox 611 3547 648 3600; x_wconf 93' lang='lat' dir='ltr'>up</span> <span class='ocrx_word' id='word_1_252' title='bbox 660 3528 727 3583; x_wconf 90' lang='lat' dir='ltr'>with</span> <span class='ocrx_word' id='word_1_253' title='bbox 746 3529 862 3599; x_wconf 90' lang='lat' dir='ltr'>pebbles</span> <span class='ocrx_word' id='word_1_254' title='bbox 875 3545 907 3582; x_wconf 89' lang='lat' dir='ltr'>or</span> <span class='ocrx_word' id='word_1_255' title='bbox 919 3528 1022 3598; x_wconf 87' lang='lat' dir='ltr'>gravei,</span> <span class='ocrx_word' id='word_1_256' title='bbox 1035 3543 1067 3581; x_wconf 87' lang='lat' dir='ltr'>as</span> <span class='ocrx_word' id='word_1_257' title='bbox 1080 3525 1109 3580; x_wconf 87' lang='lat' dir='ltr'>in</span> <span class='ocrx_word' id='word_1_258' title='bbox 1124 3526 1331 3594; x_wconf 85' lang='lat' dir='ltr'>conglomerate</span> 
     </span>
     <span class='ocr_line' id='line_1_31' title="bbox 179 3608 1331 3683; baseline -0.002 -18"><span class='ocrx_word' id='word_1_259' title='bbox 179 3621 276 3668; x_wconf 85' lang='lat' dir='ltr'>strata.</span> <span class='ocrx_word' id='word_1_260' title='bbox 307 3613 369 3668; x_wconf 88' lang='lat' dir='ltr'>The</span> <span class='ocrx_word' id='word_1_261' title='bbox 380 3613 538 3669; x_wconf 88' lang='lat' dir='ltr'>induration</span> <span class='ocrx_word' id='word_1_262' title='bbox 549 3614 638 3668; x_wconf 86' lang='lat' dir='ltr'>would</span> <span class='ocrx_word' id='word_1_263' title='bbox 647 3613 711 3668; x_wconf 86' lang='lat' dir='ltr'>taire</span> <span class='ocrx_word' id='word_1_264' title='bbox 720 3615 798 3682; x_wconf 88' lang='lat' dir='ltr'>place</span> <span class='ocrx_word' id='word_1_265' title='bbox 807 3613 865 3683; x_wconf 88' lang='lat' dir='ltr'>just</span> <span class='ocrx_word' id='word_1_266' title='bbox 874 3629 906 3666; x_wconf 85' lang='lat' dir='ltr'>as</span> <span class='ocrx_word' id='word_1_267' title='bbox 915 3610 1028 3679; x_wconf 87' lang='lat' dir='ltr'>readily,</span> <span class='ocrx_word' id='word_1_268' title='bbox 1040 3609 1063 3665; x_wconf 84' lang='lat' dir='ltr'>if</span> <span class='ocrx_word' id='word_1_269' title='bbox 1072 3609 1093 3665; x_wconf 94' lang='lat' dir='ltr'>it</span> <span class='ocrx_word' id='word_1_270' title='bbox 1102 3627 1174 3664; x_wconf 86' lang='lat' dir='ltr'>were</span> <span class='ocrx_word' id='word_1_271' title='bbox 1183 3608 1331 3674; x_wconf 91' lang='lat' dir='ltr'>detacbed‚</span> 
     </span>
     <span class='ocr_line' id='line_1_32' title="bbox 179 3694 1230 3768; baseline -0.004 -18"><span class='ocrx_word' id='word_1_272' title='bbox 179 3695 315 3766; x_wconf 89' lang='lat' dir='ltr'>provided</span> <span class='ocrx_word' id='word_1_273' title='bbox 328 3697 348 3751; x_wconf 91' lang='lat' dir='ltr'>it</span> <span class='ocrx_word' id='word_1_274' title='bbox 361 3715 433 3752; x_wconf 86' lang='lat' dir='ltr'>were</span> <span class='ocrx_word' id='word_1_275' title='bbox 447 3698 591 3768; x_wconf 89' lang='lat' dir='ltr'>subjected</span> <span class='ocrx_word' id='word_1_276' title='bbox 602 3707 633 3752; x_wconf 92' lang='lat' dir='ltr'>to</span> <span class='ocrx_word' id='word_1_277' title='bbox 645 3698 693 3752; x_wconf 89' lang='lat' dir='ltr'>the</span> <span class='ocrx_word' id='word_1_278' title='bbox 706 3713 784 3750; x_wconf 89' lang='lat' dir='ltr'>same</span> <span class='ocrx_word' id='word_1_279' title='bbox 797 3695 948 3750; x_wconf 88' lang='lat' dir='ltr'>intluences</span> <span class='ocrx_word' id='word_1_280' title='bbox 962 3695 990 3748; x_wconf 91' lang='lat' dir='ltr'>in</span> <span class='ocrx_word' id='word_1_281' title='bbox 1004 3694 1085 3748; x_wconf 89' lang='lat' dir='ltr'>other</span> <span class='ocrx_word' id='word_1_282' title='bbox 1097 3701 1230 3762; x_wconf 89' lang='lat' dir='ltr'>respects.</span> 
     </span>
    </p>

    <p class='ocr_par' dir='ltr' id='par_1_6' title="bbox 181 3773 1331 3934">
     <span class='ocr_line' id='line_1_33' title="bbox 215 3773 1331 3851; baseline -0.007 -17"><span class='ocrx_word' id='word_1_283' title='bbox 215 3776 237 3809; x_wconf 75' lang='lat'>³²</span> <span class='ocrx_word' id='word_1_284' title='bbox 255 3781 299 3834; x_wconf 91' lang='lat' dir='ltr'>To</span> <span class='ocrx_word' id='word_1_285' title='bbox 316 3781 406 3835; x_wconf 89' lang='lat' dir='ltr'>attain</span> <span class='ocrx_word' id='word_1_286' title='bbox 425 3781 482 3836; x_wconf 89' lang='lat' dir='ltr'>this</span> <span class='ocrx_word' id='word_1_287' title='bbox 500 3781 557 3836; x_wconf 91' lang='lat' dir='ltr'>end</span> <span class='ocrx_word' id='word_1_288' title='bbox 574 3780 598 3836; x_wconf 87' lang='lat' dir='ltr'>is</span> <span class='ocrx_word' id='word_1_289' title='bbox 615 3781 662 3835; x_wconf 93' lang='lat' dir='ltr'>the</span> <span class='ocrx_word' id='word_1_290' title='bbox 681 3778 814 3851; x_wconf 84' lang='lat' dir='ltr'>practical</span> <span class='ocrx_word' id='word_1_291' title='bbox 834 3778 969 3848; x_wconf 80' lang='lat' dir='ltr'>objectos</span> <span class='ocrx_word' id='word_1_292' title='bbox 983 3777 1033 3832; x_wconf 85' lang='lat' dir='ltr'>the</span> <span class='ocrx_word' id='word_1_293' title='bbox 1046 3775 1192 3830; x_wconf 86' lang='lat' dir='ltr'>‘Historia</span> <span class='ocrx_word' id='word_1_294' title='bbox 1204 3773 1287 3830; x_wconf 85' lang='lat' dir='ltr'>Vitae</span> <span class='ocrx_word' id='word_1_295' title='bbox 1303 3783 1331 3828; x_wconf 83' lang='lat' dir='ltr'>et</span> 
     </span>
     <span class='ocr_line' id='line_1_34' title="bbox 181 3862 932 3934; baseline -0.003 -16"><span class='ocrx_word' id='word_1_296' title='bbox 181 3863 299 3918; x_wconf 83' lang='lat' dir='ltr'>Mortis&#39;</span> <span class='ocrx_word' id='word_1_297' title='bbox 337 3865 391 3920; x_wconf 89' lang='lat' dir='ltr'>See</span> <span class='ocrx_word' id='word_1_298' title='bbox 403 3865 464 3920; x_wconf 90' lang='lat' dir='ltr'>also</span> <span class='ocrx_word' id='word_1_299' title='bbox 478 3867 523 3920; x_wconf 87' lang='lat' dir='ltr'>De</span> <span class='ocrx_word' id='word_1_300' title='bbox 534 3864 709 3934; x_wconf 86' lang='lat' dir='ltr'>Augmentis,</span> <span class='ocrx_word' id='word_1_301' title='bbox 723 3863 770 3918; x_wconf 89' lang='lat' dir='ltr'>lib.</span> <span class='ocrx_word' id='word_1_302' title='bbox 784 3862 819 3917; x_wconf 86' lang='lat' dir='ltr'>iv.</span> <span class='ocrx_word' id='word_1_303' title='bbox 832 3879 893 3932; x_wconf 90' lang='lat' dir='ltr'>cap.</span> <span class='ocrx_word' id='word_1_304' title='bbox 908 3877 932 3916; x_wconf 89' lang='lat'>2.</span> 
     </span>
    </p>

    <p class='ocr_par' dir='ltr' id='par_1_7' title="bbox 180 3937 1336 4337">
     <span class='ocr_line' id='line_1_35' title="bbox 215 3937 1331 4016; baseline -0.007 -16"><span class='ocrx_word' id='word_1_305' title='bbox 215 3947 279 4000; x_wconf 88' lang='lat' dir='ltr'>The</span> <span class='ocrx_word' id='word_1_306' title='bbox 297 3947 375 4002; x_wconf 90' lang='lat' dir='ltr'>word</span> <span class='ocrx_word' id='word_1_307' title='bbox 400 3948 595 4016; x_wconf 72' lang='lat' dir='ltr'>‘refocillatiq’</span> <span class='ocrx_word' id='word_1_308' title='bbox 616 3947 706 4002; x_wconf 87' lang='lat' dir='ltr'>which</span> <span class='ocrx_word' id='word_1_309' title='bbox 726 3945 750 4000; x_wconf 90' lang='lat' dir='ltr'>is</span> <span class='ocrx_word' id='word_1_310' title='bbox 769 3956 817 4000; x_wconf 90' lang='lat' dir='ltr'>not</span> <span class='ocrx_word' id='word_1_311' title='bbox 835 3955 865 4000; x_wconf 91' lang='lat' dir='ltr'>to</span> <span class='ocrx_word' id='word_1_312' title='bbox 886 3946 921 4000; x_wconf 91' lang='lat' dir='ltr'>be</span> <span class='ocrx_word' id='word_1_313' title='bbox 939 3942 1025 3999; x_wconf 78' lang='lat' dir='ltr'>found</span> <span class='ocrx_word' id='word_1_314' title='bbox 1044 3942 1073 3996; x_wconf 91' lang='lat' dir='ltr'>in</span> <span class='ocrx_word' id='word_1_315' title='bbox 1092 3940 1220 3995; x_wconf 85' lang='lat' dir='ltr'>classical</span> <span class='ocrx_word' id='word_1_316' title='bbox 1238 3937 1331 4008; x_wconf 87' lang='lat' dir='ltr'>Latin,</span> 
     </span>
     <span class='ocr_line' id='line_1_36' title="bbox 180 4022 1331 4100; baseline -0.008 -16"><span class='ocrx_word' id='word_1_317' title='bbox 180 4030 287 4100; x_wconf 86' lang='lat' dir='ltr'>though</span> <span class='ocrx_word' id='word_1_318' title='bbox 306 4031 355 4085; x_wconf 88' lang='lat' dir='ltr'>the</span> <span class='ocrx_word' id='word_1_319' title='bbox 373 4033 442 4087; x_wconf 92' lang='lat' dir='ltr'>verb</span> <span class='ocrx_word' id='word_1_320' title='bbox 460 4033 584 4087; x_wconf 79' lang='lat' dir='ltr'>relocillo</span> <span class='ocrx_word' id='word_1_321' title='bbox 596 4032 620 4086; x_wconf 93' lang='lat' dir='ltr'>is</span> <span class='ocrx_word' id='word_1_322' title='bbox 632 4030 819 4098; x_wconf 89' lang='lat' dir='ltr'>occasionally</span> <span class='ocrx_word' id='word_1_323' title='bbox 832 4029 919 4083; x_wconf 80' lang='lat' dir='ltr'>found</span> <span class='ocrx_word' id='word_1_324' title='bbox 937 4027 964 4082; x_wconf 91' lang='lat' dir='ltr'>in</span> <span class='ocrx_word' id='word_1_325' title='bbox 981 4027 1203 4096; x_wconf 87' lang='lat' dir='ltr'>post-Augustan</span> <span class='ocrx_word' id='word_1_326' title='bbox 1217 4022 1331 4088; x_wconf 89' lang='lat' dir='ltr'>writers,</span> 
     </span>
     <span class='ocr_line' id='line_1_37' title="bbox 180 4105 1336 4184; baseline -0.008 -16"><span class='ocrx_word' id='word_1_327' title='bbox 180 4130 279 4168; x_wconf 87' lang='lat' dir='ltr'>occurs</span> <span class='ocrx_word' id='word_1_328' title='bbox 298 4113 327 4168; x_wconf 93' lang='lat' dir='ltr'>in</span> <span class='ocrx_word' id='word_1_329' title='bbox 346 4131 424 4170; x_wconf 87' lang='lat' dir='ltr'>some</span> <span class='ocrx_word' id='word_1_330' title='bbox 446 4115 477 4170; x_wconf 91' lang='lat' dir='ltr'>ol</span> <span class='ocrx_word' id='word_1_331' title='bbox 499 4117 547 4170; x_wconf 91' lang='lat' dir='ltr'>the</span> <span class='ocrx_word' id='word_1_332' title='bbox 567 4116 615 4170; x_wconf 93' lang='lat' dir='ltr'>old</span> <span class='ocrx_word' id='word_1_333' title='bbox 635 4115 749 4184; x_wconf 87' lang='lat' dir='ltr'>College</span> <span class='ocrx_word' id='word_1_334' title='bbox 772 4129 880 4183; x_wconf 85' lang='lat' dir='ltr'>graces,</span> <span class='ocrx_word' id='word_1_335' title='bbox 899 4129 939 4178; x_wconf 87' lang='lat' dir='ltr'>as,</span> <span class='ocrx_word' id='word_1_336' title='bbox 958 4111 1001 4164; x_wconf 82' lang='lat' dir='ltr'>lor</span> <span class='ocrx_word' id='word_1_337' title='bbox 1025 4109 1157 4174; x_wconf 87' lang='lat' dir='ltr'>instance,</span> <span class='ocrx_word' id='word_1_338' title='bbox 1177 4105 1206 4160; x_wconf 89' lang='lat' dir='ltr'>in</span> <span class='ocrx_word' id='word_1_339' title='bbox 1224 4107 1284 4161; x_wconf 90' lang='lat' dir='ltr'>that</span> <span class='ocrx_word' id='word_1_340' title='bbox 1303 4106 1336 4160; x_wconf 81' lang='lat' dir='ltr'>oi</span> 
     </span>
     <span class='ocr_line' id='line_1_38' title="bbox 182 4189 1333 4268; baseline -0.004 -18"><span class='ocrx_word' id='word_1_341' title='bbox 182 4197 298 4252; x_wconf 86' lang='lat' dir='ltr'>Lincoln</span> <span class='ocrx_word' id='word_1_342' title='bbox 318 4199 440 4268; x_wconf 88' lang='lat' dir='ltr'>College,</span> <span class='ocrx_word' id='word_1_343' title='bbox 454 4199 580 4254; x_wconf 82' lang='lat' dir='ltr'>Oxlord:</span> <span class='ocrx_word' id='word_1_344' title='bbox 600 4197 736 4268; x_wconf 79' lang='lat' dir='ltr'>‘Agimus</span> <span class='ocrx_word' id='word_1_345' title='bbox 755 4195 820 4251; x_wconf 89' lang='lat' dir='ltr'>Tibi</span> <span class='ocrx_word' id='word_1_346' title='bbox 838 4193 943 4265; x_wconf 84' lang='lat' dir='ltr'>gratias</span> <span class='ocrx_word' id='word_1_347' title='bbox 961 4211 1012 4264; x_wconf 90' lang='lat' dir='ltr'>pro</span> <span class='ocrx_word' id='word_1_348' title='bbox 1030 4191 1049 4227; x_wconf 77' lang='lat'><em>*</em></span> <span class='ocrx_word' id='word_1_349' title='bbox 1065 4191 1084 4227; x_wconf 77' lang='lat'><em>*</em></span> <span class='ocrx_word' id='word_1_350' title='bbox 1101 4190 1119 4226; x_wconf 75' lang='lat'><em>*</em></span> <span class='ocrx_word' id='word_1_351' title='bbox 1137 4189 1333 4261; x_wconf 85' lang='lat' dir='ltr'>praesentique</span> 
     </span>
     <span class='ocr_line' id='line_1_39' title="bbox 180 4281 397 4337; baseline 0.014 -3"><span class='ocrx_word' id='word_1_352' title='bbox 180 4281 397 4337; x_wconf 68' lang='lat' dir='ltr'>refocillatione!</span> 
     </span>
    </p>

    <p class='ocr_par' dir='ltr' id='par_1_8' title="bbox 180 4354 1333 4604">
     <span class='ocr_line' id='line_1_40' title="bbox 216 4354 1333 4434; baseline -0.006 -18"><span class='ocrx_word' id='word_1_353' title='bbox 216 4361 238 4393; x_wconf 71' lang='lat'>²³</span> <span class='ocrx_word' id='word_1_354' title='bbox 257 4363 342 4432; x_wconf 92' lang='lat' dir='ltr'>Nine,</span> <span class='ocrx_word' id='word_1_355' title='bbox 355 4367 417 4421; x_wconf 90' lang='lat' dir='ltr'>that</span> <span class='ocrx_word' id='word_1_356' title='bbox 435 4366 458 4420; x_wconf 90' lang='lat' dir='ltr'>is</span> <span class='ocrx_word' id='word_1_357' title='bbox 478 4375 508 4420; x_wconf 91' lang='lat' dir='ltr'>to</span> <span class='ocrx_word' id='word_1_358' title='bbox 527 4383 585 4434; x_wconf 89' lang='lat' dir='ltr'>say,</span> <span class='ocrx_word' id='word_1_359' title='bbox 598 4363 745 4434; x_wconf 89' lang='lat' dir='ltr'>excluding</span> <span class='ocrx_word' id='word_1_360' title='bbox 762 4363 811 4418; x_wconf 88' lang='lat' dir='ltr'>the</span> <span class='ocrx_word' id='word_1_361' title='bbox 829 4362 888 4416; x_wconf 87' lang='lat' dir='ltr'>first</span> <span class='ocrx_word' id='word_1_362' title='bbox 908 4359 1042 4416; x_wconf 83' lang='lat' dir='ltr'>socalled</span> <span class='ocrx_word' id='word_1_363' title='bbox 1061 4357 1185 4423; x_wconf 68' lang='lat' dir='ltr'>‘motus&#39;</span> <span class='ocrx_word' id='word_1_364' title='bbox 1199 4355 1289 4410; x_wconf 91' lang='lat' dir='ltr'>which</span> <span class='ocrx_word' id='word_1_365' title='bbox 1308 4354 1333 4410; x_wconf 89' lang='lat' dir='ltr'>is</span> 
     </span>
     <span class='ocr_line' id='line_1_41' title="bbox 181 4439 1333 4519; baseline -0.006 -19"><span class='ocrx_word' id='word_1_366' title='bbox 181 4464 314 4504; x_wconf 89' lang='lat' dir='ltr'>common</span> <span class='ocrx_word' id='word_1_367' title='bbox 332 4459 362 4504; x_wconf 92' lang='lat' dir='ltr'>to</span> <span class='ocrx_word' id='word_1_368' title='bbox 379 4450 417 4503; x_wconf 84' lang='lat' dir='ltr'>all</span> <span class='ocrx_word' id='word_1_369' title='bbox 436 4459 544 4519; x_wconf 88' lang='lat' dir='ltr'>matter,</span> <span class='ocrx_word' id='word_1_370' title='bbox 560 4449 616 4504; x_wconf 90' lang='lat' dir='ltr'>and</span> <span class='ocrx_word' id='word_1_371' title='bbox 635 4447 666 4503; x_wconf 86' lang='lat' dir='ltr'>oi</span> <span class='ocrx_word' id='word_1_372' title='bbox 679 4447 769 4502; x_wconf 88' lang='lat' dir='ltr'>which</span> <span class='ocrx_word' id='word_1_373' title='bbox 787 4463 825 4502; x_wconf 89' lang='lat' dir='ltr'>no</span> <span class='ocrx_word' id='word_1_374' title='bbox 840 4446 982 4516; x_wconf 87' lang='lat' dir='ltr'>examples</span> <span class='ocrx_word' id='word_1_375' title='bbox 1001 4461 1049 4499; x_wconf 87' lang='lat' dir='ltr'>are</span> <span class='ocrx_word' id='word_1_376' title='bbox 1066 4439 1221 4514; x_wconf 86' lang='lat' dir='ltr'>proposed;</span> <span class='ocrx_word' id='word_1_377' title='bbox 1242 4439 1333 4494; x_wconf 88' lang='lat' dir='ltr'>‘inest</span> 
     </span>
     <span class='ocr_line' id='line_1_42' title="bbox 180 4528 486 4604; baseline 0.003 -18"><span class='ocrx_word' id='word_1_378' title='bbox 180 4528 256 4586; x_wconf 86' lang='lat' dir='ltr'>enirn</span> <span class='ocrx_word' id='word_1_379' title='bbox 269 4531 345 4587; x_wconf 88' lang='lat' dir='ltr'>omni</span> <span class='ocrx_word' id='word_1_380' title='bbox 358 4532 486 4604; x_wconf 65' lang='lat' dir='ltr'>corpori!</span> 
     </span>
    </p>
   </div>
   <div class='ocr_carea' id='block_1_4' title="bbox 0 0 1644 5138">
    <p class='ocr_par' dir='ltr' id='par_1_9' title="bbox 0 0 1644 5138">
     <span class='ocr_line' id='line_1_43' title="bbox 0 0 1644 5138; baseline 0 0"><span class='ocrx_word' id='word_1_381' title='bbox 0 0 1644 5138; x_wconf 95' lang='lat' dir='ltr'> </span> 
     </span>
    </p>
   </div>
  </div>
 </body>
</html>
