3342 5152
285 418 350 477 410

665 405 823 462 NOVUM
843 403 1060 464 ORGANUM.

373 573 522 636 nativum
535 570 560 610 ¹⁸
576 581 610 636 et
625 583 785 656 perpetuo
802 571 1025 653 trepidantem
1042 580 1076 634 et
1091 577 1276 632 tentantem
1286 578 1320 632 et
1328 568 1435 632 niten-

372 685 441 740 tem
465 687 499 742 et
522 697 565 741 ex
589 677 830 760 repercussione
853 677 1039 751 irritatum3
1062 674 1150 738 unde
1170 673 1261 737 furor
1283 671 1337 736 ille
1353 672 1437 756 ignis

373 791 407 846 et
421 779 542 856 caloris
556 791 667 845 ortum
684 781 794 844 habet.

419 885 489 949 Ista
510 906 589 950 vero
606 885 796 967 dafferentris
813 883 999 950 ostenditur
1021 881 1169 946 maxime
1191 881 1224 944 in
1247 879 1381 944 flamma
1402 889 1436 944 et

373 989 556 1071 liquoribus
578 989 808 1064 bullientibus;
842 1008 929 1072 quae
960 997 1121 1071 perpetuo
1143 985 1322 1069 trepidant,
1343 993 1377 1048 et
1403 985 1435 1047 in

373 1093 483 1176 parvis
498 1094 708 1176 portionibus
723 1102 861 1172 tument,
877 1101 910 1156 et
926 1113 1034 1156 rursus
1050 1091 1233 1154 subsidunt.

418 1197 614 1262 Ostenditur
626 1198 726 1262 etiam
742 1199 776 1262 in
792 1198 832 1262 iis
847 1197 1048 1281 corporibus,
1064 1215 1151 1277 quae
1165 1202 1241 1258 sunt
1252 1203 1322 1258 tam
1334 1193 1436 1257 durae

373 1303 544 1386 compagis
572 1313 607 1366 ut
634 1303 793 1368 calefacta
819 1311 877 1366 aut
905 1302 1008 1385 ignita
1034 1322 1100 1366 non
1131 1301 1352 1365 intumescant
1378 1309 1436 1363 aut

373 1405 553 1471 dilatentur
575 1407 684 1486 mole;
708 1418 746 1472 ut
767 1405 889 1470 sermm
913 1407 1053 1491 ignitum
1066 1403 1101 1484 ¹⁹,
1124 1405 1157 1468 in
1181 1425 1249 1487 quo
1273 1403 1363 1469 calor
1385 1414 1436 1468 est

372 1512 560 1575 acerrimus.

417 1615 613 1680 Ostenditur
634 1616 735 1681 etiam
759 1617 791 1679 in
814 1615 886 1694 hoc,
909 1616 999 1698 quod
1022 1634 1081 1698 per
1102 1612 1329 1698 frigidissimas
1351 1620 1436 1676 tem·

372 1728 517 1804 pestates
533 1720 625 1785 iocus
639 1721 755 1785 ardeat
770 1721 925 1785 acerrime
935 1718 970 1784 ²⁰.

417 1823 612 1889 Ostenditur
632 1825 733 1889 etiam
756 1824 788 1888 in
811 1823 883 1902 hoc,
899 1824 990 1907 quod
1013 1843 1087 1889 curn
1112 1821 1301 1886 extenditur
1322 1827 1379 1884 aer
1400 1819 1433 1884 in

371 1927 459 1993 vitro
479 1928 643 1994 calendari
665 1930 791 2013 absque
814 1929 1053 2013 impedimento
1072 1937 1129 1993 aut
1153 1927 1346 2011 repulsione,
1362 1925 1433 1987 uni-

370 2030 521 2097 formiter
554 2034 678 2099 scilicet
710 2044 745 2098 et
778 2034 968 2117 aequaliter,
1000 2053 1065 2096 non
1103 2031 1303 2115 percipiatur
1335 2030 1433 2094 calor.

372 2135 486 2201 Etiam
517 2139 550 2201 in
576 2138 681 2202 ventis
710 2137 881 2214 conclusis,
906 2139 982 2204 licet
1012 2146 1188 2221 erumpant
1212 2135 1245 2198 vi
1276 2135 1434 2212 maxima,

371 2251 483 2305 tamen
505 2263 571 2306 non
594 2243 772 2326 percipitur
792 2242 885 2308 calor
904 2242 1055 2326 insignis3
1081 2241 1159 2324 quia
1181 2239 1304 2304 scilicet
1324 2248 1434 2302 motus

371 2343 409 2409 fit
438 2347 617 2410 secundum
644 2357 763 2426 toturn,
789 2348 915 2431 absque
941 2356 1034 2412 motu
1064 2345 1247 2409 alternante
1273 2344 1306 2406 in
1333 2343 1434 2425 parti·

369 2449 457 2514 culis.
502 2449 618 2532 Atque
639 2451 682 2514 ad
705 2451 770 2516 hoc
792 2450 851 2516 fiat
872 2452 1145 2535 experimentum,
1168 2459 1277 2512 utrum
1299 2445 1434 2511 flamma

370 2575 436 2618 non
451 2565 525 2618 urat
539 2556 645 2619 acrius
660 2577 771 2620 versus
787 2556 890 2620 latera
905 2576 1006 2639 quam
1023 2556 1055 2618 in
1072 2553 1181 2618 medio
1197 2552 1360 2616 flammae.

416 2658 611 2723 Ostenditur
629 2660 729 2725 etiam
751 2660 784 2724 in
801 2660 874 2739 hoc,
890 2662 981 2743 quod
1002 2659 1110 2723 omnis
1128 2657 1214 2722 ustio
1234 2655 1434 2740 transigatur

371 2783 431 2846 per
453 2764 598 2828 minutos
619 2784 721 2848 poros
745 2765 891 2848 corporis
915 2764 1007 2848 quod
1031 2764 1154 2840 uritur;
1180 2763 1264 2826 adeo
1288 2770 1324 2825 ut
1347 2760 1434 2825 ustio

370 2866 507 2930 subruat
530 2878 563 2932 et
586 2877 737 2952 penetret
758 2878 791 2932 et
812 2869 935 2933 fodicet
957 2877 991 2932 et
1011 2865 1168 2942 stimulet,
1188 2864 1324 2947 perinde
1345 2884 1384 2929 ac
1406 2864 1434 2928 si

371 2985 481 3038 essent
499 2973 643 3039 infinitae
659 2975 810 3058 cuspides
829 2995 916 3040 acus.
962 2974 1082 3056 Itaque
1097 2993 1141 3037 ex
1156 2971 1220 3037 hoc
1235 2970 1317 3035 illud
1332 2971 1433 3036 etiam

322 3179 344 3212 ¹⁸
362 3181 432 3236 This
451 3181 621 3252 description
638 3199 729 3239 seems
747 3193 777 3237 to
794 3182 830 3238 he
842 3200 860 3236 a
872 3183 1046 3238 remarkable
1064 3181 1246 3252 anticipation
1258 3181 1291 3237 oi
1306 3182 1354 3237 the
1368 3181 1427 3237 Un-

286 3265 416 3333 dulatory
423 3265 574 3334 Theoryof
587 3267 670 3321 Heat.
708 3267 760 3337 Cp.
769 3266 901 3336 Tyndall,
910 3268 987 3322 Heat
1000 3283 1017 3322 a
1031 3265 1118 3322 Mode
1130 3266 1162 3320 oi
1173 3266 1293 3334 Motiorn
1304 3267 1355 3336 3rd
1365 3266 1428 3332 Ed,

287 3345 301 3419 ξ
316 3363 387 3417 339:
407 3349 476 3402 ‘Let
489 3367 521 3402 us
535 3365 598 3402 now
611 3359 702 3404 revert
714 3349 758 3403 ior
770 3365 788 3404 a
799 3360 923 3405 moment
937 3360 966 3404 to
979 3366 1029 3404 our
1041 3349 1233 3404 fundamental
1249 3350 1429 3420 conceptione

286 3431 435 3502 regarding
448 3432 558 3486 radiant
572 3433 646 3488 heat.
685 3433 726 3488 lts
739 3433 828 3501 origin
839 3434 862 3488 is
872 3451 910 3488 an
922 3433 1082 3502 oscillatory
1089 3433 1196 3488 motion
1204 3434 1236 3489 oi
1245 3435 1293 3490 the
1304 3433 1430 3490 ultimate

286 3515 416 3587 particles
436 3517 468 3569 oi
484 3524 639 3572 matter—a
657 3516 765 3572 motion
786 3517 873 3571 taken
893 3534 931 3588 up
952 3517 1055 3586 hythe
1075 3517 1164 3584 ether,
1182 3516 1239 3571 and
1258 3517 1431 3588 propagated

287 3599 409 3669 through
422 3598 442 3654 it
456 3599 483 3654 in
497 3617 597 3656 waves.
632 3601 696 3656 The
712 3601 842 3670 penicles
854 3600 887 3655 oi
898 3602 979 3655 ether
991 3601 1020 3655 in
1037 3600 1117 3656 these
1129 3617 1222 3656 waves
1236 3601 1274 3655 do
1287 3611 1335 3656 not
1348 3601 1428 3657 oscil-

285 3681 341 3738 late
354 3683 383 3737 in
395 3684 443 3738 the
456 3700 534 3739 same
547 3701 665 3739 manner
676 3701 709 3738 as
718 3685 766 3739 the
778 3683 909 3755 particles
922 3684 952 3739 oi
961 3685 1011 3751 air,
1023 3683 1052 3738 in
1065 3685 1113 3739 the
1126 3701 1190 3740 case
1203 3685 1234 3740 ol
1244 3684 1344 3740 sound.
1369 3687 1432 3742 The

285 3767 470 3837 air-particles
482 3783 563 3823 move
576 3778 605 3822 to
617 3767 674 3822 and
687 3767 736 3834 iro,
750 3768 779 3823 in
791 3769 840 3822 the
852 3767 987 3822 direction
1000 3768 1029 3822 in
1042 3767 1133 3822 which
1146 3769 1194 3822 the
1207 3767 1299 3823 sound
1310 3769 1429 3834 travels;

287 3851 335 3905 the
353 3851 433 3906 ether
450 3851 580 3922 particles
599 3868 681 3907 move
699 3861 728 3905 to
745 3851 802 3906 and
819 3852 870 3918 iro,
889 3868 983 3906 across
1002 3851 1050 3907 the
1068 3851 1124 3907 line
1143 3851 1171 3906 in
1184 3851 1274 3906 which
1293 3853 1343 3908 the
1360 3853 1431 3922 light

287 3935 396 3990 travels.
434 3936 496 3990 The
515 3935 693 3990 undulations
705 3935 736 3990 oi
750 3935 796 3990 the
808 3935 850 3990 air
866 3951 914 3990 are
933 3935 1126 4004 longitudinal,
1139 3936 1219 3990 those
1237 3935 1268 3990 ol
1284 3938 1332 3991 the
1350 3937 1431 3991 ether

285 4019 463 4073 transversal.
499 4019 562 4074 The
579 4019 660 4073 ether
672 4035 764 4074 waves
781 4019 919 4074 resemble
937 4035 1015 4074 more
1033 4020 1080 4075 the
1097 4019 1199 4090 ripples
1211 4018 1244 4074 ol
1259 4029 1344 4076 water
1360 4019 1428 4074 than

288 4103 355 4170 they
368 4102 404 4157 do
417 4103 465 4156 the
477 4103 563 4158 aerial
575 4103 667 4173 pulses
682 4101 772 4156 which
786 4103 909 4172 produce
921 4102 1030 4158 sound.’

321 4183 343 4215 ¹⁹
362 4185 415 4240 See
428 4195 493 4241 note
506 4202 543 4240 on
556 4187 630 4257 Aph.
646 4186 686 4253 18,
701 4187 768 4240 lust.
785 4201 825 4239 ιο.

320 4265 343 4298 ²⁰
361 4270 415 4324 See
428 4280 493 4324 note
505 4287 543 4323 on
555 4270 630 4339 Aph.
646 4283 686 4338 13,
701 4271 770 4324 Inst.
784 4269 826 4338 36.

321 4353 440 4407 Bacon's
461 4354 561 4422 theory
579 4353 603 4407 is
623 4353 651 4407 in
671 4354 800 4408 advance
819 4352 851 4407 oi
868 4353 913 4408 his
934 4352 1037 4424 pronis.
1075 4355 1151 4408 Most
1170 4353 1201 4407 oi
1218 4353 1267 4408 the
1288 4352 1428 4409 instances

284 4435 420 4490 collected
433 4437 522 4492 under
535 4436 591 4491 this
604 4436 709 4492 ‘Third
722 4436 904 4493 Differentia’
918 4453 966 4493 are
978 4438 1012 4491 ol
1019 4436 1094 4503 little,
1108 4436 1131 4492 ii
1139 4452 1204 4508 any,
1214 4438 1293 4492 value
1307 4438 1428 4493 towards

284 4519 400 4590 proving
412 4521 460 4576 the
472 4519 641 4576 conclusion.
