3250 5138
322 386 387 466 546
701 387 858 444 NOVUM
879 386 1099 444 ORGANUM.

323 557 423 622 modi.
480 555 592 620 Etiam
620 555 652 618 in
679 553 847 638 spiritibus
872 551 1063 616 animalium
1095 551 1182 616 hunc
1209 562 1347 615 motum
1374 549 1471 631 vigere

323 659 585 736 existimamusl,
611 659 669 724 sed
701 657 798 742 plane
828 657 1042 740 incognitum
1096 655 1145 718 At
1175 653 1305 719 eminet
1336 663 1424 718 oerte
1447 651 1475 714 in

324 775 487 846 magnete,
507 772 541 826 et
561 761 646 827 ferro
668 763 789 828 excito.
844 759 931 825 Cum
951 771 1062 824 autern
1085 761 1128 824 de
1148 760 1299 824 motibus
1324 757 1477 840 magnetis

324 869 501 950 loquimur,
526 866 749 950 distinguendi
776 865 875 949 plane
901 875 986 930 sunt.
1043 863 1199 946 Quatuor
1224 865 1321 928 enirn
1349 863 1481 925 virtutes

325 973 395 1037 sive
420 971 629 1052 operationes
654 981 729 1034 sunt
759 969 792 1034 iu
825 979 987 1052 magnete,
1013 989 1101 1052 quae
1131 989 1198 1033 nou
1227 967 1406 1042 confundi,
1431 966 1481 1026 sed

325 1075 468 1158 separari
499 1075 642 1145 debent;
679 1073 756 1138 licet
791 1073 967 1138 admiratio
995 1071 1167 1136 bominum
1204 1085 1238 1136 et
1273 1083 1402 1154 stupor
1434 1089 1484 1132 eas

326 1179 578 1244 commiscuerit
634 1177 722 1254 Una,
748 1176 903 1244 coitionis
933 1177 1097 1258 magnetis
1126 1177 1170 1240 ad
1200 1187 1414 1260 magnetem,
1438 1171 1485 1234 vel

327 1283 401 1348 ferri
431 1283 474 1346 ad
508 1293 706 1362 magnetem,
735 1281 787 1344 vel
818 1281 893 1345 ferri
923 1281 1025 1345 exciti
1057 1281 1102 1344 ad
1131 1281 1260 1345 sermm.
1321 1278 1487 1348 Secunda,

327 1387 520 1450 verticitatis
548 1385 620 1467 ejus
646 1385 689 1449 ad
719 1385 962 1468 septentriones
996 1394 1030 1448 et
1065 1393 1222 1460 austrum,
1251 1395 1363 1467 atque
1392 1379 1485 1444 simu
1591 1439 1592 1480 3

327 1489 557 1556 declinationis
586 1489 658 1570 ejus
669 1489 691 1552 ⁸.
752 1488 877 1562 Tertia,
903 1487 1140 1572 penetrationis
1169 1488 1241 1569 ejus
1270 1508 1334 1570 per
1362 1503 1487 1556 aurum,

327 1597 459 1668 vitrum,
482 1593 638 1677 lapidem,
663 1591 777 1658 omnia
788 1593 809 1658 ⁷.
854 1591 993 1675 Quarta,
1019 1592 1329 1657 communicationis
1358 1588 1488 1654 virtutis

328 1699 399 1781 ejus
415 1699 458 1762 de
473 1697 580 1780 lapide
597 1699 630 1762 in
646 1698 775 1772 serrum,
791 1707 825 1761 et
840 1696 883 1760 de
898 1695 982 1761 ferro
998 1695 1031 1758 in
1046 1696 1177 1774 serrum,
1193 1697 1321 1779 absque
1335 1714 1487 1760 commu·

330 1803 494 1866 nicatione
510 1801 724 1866 substantiae.
769 1800 895 1864 Verum
916 1799 980 1865 hoc
1001 1799 1075 1864 loco
1091 1801 1134 1864 de
1153 1801 1261 1883 prima
1275 1799 1406 1864 virtute
1422 1797 1488 1878 ejus

330 1917 460 1971 tantum
477 1905 651 1988 loquimur,
662 1904 816 1968 videlicet
832 1904 993 1968 coitionis.
1039 1902 1181 1986 Insignis
1193 1903 1292 1967 etiam
1310 1915 1364 1968 est
1378 1911 1488 1964 motus

330 2009 480 2074 coitionis
516 2009 644 2090 argenti
685 2007 749 2072 vivi
786 2013 820 2073 et
856 2005 972 2073 aurit:
1010 2008 1095 2071 adeo
1132 2016 1169 2071 ut
1207 2027 1324 2071 aurum
1362 2005 1487 2070 alliciat

331 2123 504 2194 argentum
525 2114 647 2188 vivum,
662 2112 739 2177 licet
755 2112 940 2176 conlectum
957 2111 990 2174 in
1011 2121 1199 2193 unguenta3
1221 2121 1325 2193 atque
1344 2106 1486 2194 operarii

332 2219 417 2281 inter
433 2238 573 2298 vapores
596 2217 724 2298 argenti
744 2217 808 2280 vivi
831 2217 959 2280 soleant
981 2227 1094 2281 tenere
1115 2216 1147 2279 in
1168 2236 1225 2280 ore
1243 2215 1386 2280 lmstum
1408 2210 1485 2285 auri,

332 2324 375 2386 ad
402 2321 606 2404 colligendas
631 2321 822 2384 emissiones
848 2321 973 2402 argenti
1005 2320 1078 2394 vivi,
1107 2319 1190 2384 alias
1215 2321 1324 2384 crania
1348 2330 1387 2383 et
1414 2337 1487 2381 ossa

333 2445 447 2489 eorum
489 2427 674 2500 invasuras;
713 2424 801 2488 unde
836 2425 936 2488 etiam
974 2423 1113 2488 smstum
1152 2423 1234 2487 illud
1270 2422 1371 2508 paulo
1411 2431 1486 2505 post

333 2529 478 2593 albescit.
533 2528 651 2610 Atque
674 2529 717 2592 de
739 2535 831 2591 motu
854 2528 1113 2610 congregatrbms
1134 2528 1271 2592 minorr's
1292 2527 1374 2592 haec
1397 2527 1486 2592 dicta
1593 2557 1594 2580 r

333 2633 410 2697 sint.

379 2733 427 2820 (9)
451 2734 503 2798 Sit
528 2735 641 2798 Motus
665 2735 792 2810 Nonus,
816 2733 931 2798 Motus
952 2733 1180 2816 Magnetims:
1202 2736 1259 2817 qui
1282 2735 1358 2800 licet
1376 2735 1421 2799 sit
1444 2751 1485 2795 ex

334 2859 453 2922 genere
476 2853 586 2902 motus
611 2839 866 2919 cogregationis
891 2839 1059 2912 mr'noris⁹,
1082 2849 1194 2903 tamen
1217 2839 1244 2901 si
1266 2849 1423 2922 operetur
1444 2836 1485 2900 ad

335 2944 506 3007 distantias
537 2963 673 3025 magnas
707 2953 741 3006 et
771 2962 870 3024 super
906 2963 1030 3007 massas
1060 2963 1168 3006 rerum
1204 2963 1350 3025 magnas,
1380 2942 1485 3025 inqui·

335 3048 487 3110 sitionem
516 3057 657 3110 meretur
687 3054 895 3127 separatam;
930 3047 1121 3129 praesertim
1153 3047 1181 3109 si
1212 3066 1273 3111 nec
1303 3047 1440 3129 incipiat
1467 3065 1485 3106 a

336 3160 437 3224 tactu,
468 3151 751 3232 quemadmodum
787 3147 927 3234 plurimi,
958 3169 1016 3214 nec
1051 3151 1210 3231 perducat
1245 3149 1408 3214 actionem
1445 3149 1485 3212 ad

372 3385 383 3418 ⁵
401 3387 455 3442 See
469 3389 553 3456 Sylva
567 3389 723 3456 Sylvarum,
738 3389 811 3458 Exp.
827 3402 911 3456 10003
932 3388 978 3443 De
987 3388 1162 3457 Augmentis,
1171 3388 1218 3444 lib.
1227 3387 1262 3443 iv.
1273 3403 1361 3458 eap.3
1376 3389 1423 3456 (E.
1432 3387 1485 3444 aad

339 3477 377 3544 S,
389 3477 443 3530 vol.
458 3475 474 3530 i.
490 3493 535 3546 pp.
549 3477 657 3544 608—9).
695 3477 769 3531 Both
784 3478 863 3531 these
876 3493 1010 3546 passages
1022 3494 1070 3532 are
1083 3478 1143 3531 well
1157 3478 1243 3531 worth
1257 3477 1426 3549 consulting.

373 3557 384 3588 ⁶
402 3560 496 3613 These
514 3559 571 3613 and
590 3561 636 3614 the
655 3561 735 3614 other
753 3560 931 3631 phenomena
946 3559 1036 3616 which
1055 3559 1150 3616 Bacon
1165 3561 1272 3617 notices
1288 3579 1336 3617 are
1353 3562 1422 3632 sully
1439 3563 1484 3618 de

339 3641 448 3697 scribed
461 3643 498 3710 by
511 3643 629 3708 Gilbert,
643 3644 688 3697 De
703 3645 844 3712 Magnete.

373 3724 384 3756 l
405 3728 458 3780 See
471 3727 542 3795 Aph
557 3741 592 3793 42
605 3726 642 3780 ad
656 3726 715 3781 init.

374 3807 385 3838 ⁸
403 3810 465 3863 The
479 3810 653 3878 phenomena
666 3808 755 3864 which
772 3811 867 3864 Bacon
880 3808 992 3864 noticed
1005 3827 1053 3864 are
1065 3810 1120 3865 due
1137 3821 1167 3865 to
1183 3810 1230 3866 the
1247 3809 1320 3866 laets
1336 3811 1407 3877 that,
1419 3829 1488 3867 even

338 3903 368 3947 at
377 3893 510 3962 ordinary
519 3903 728 3962 temperatores,
740 3894 870 3960 Mercury
881 3893 905 3946 is
915 3893 1028 3964 slightly
1036 3894 1156 3962 volatile,
1166 3893 1224 3948 and
1236 3895 1297 3949 that
1307 3895 1355 3949 tbe
1364 3897 1489 3950 smallest

339 3977 467 4047 quantity
479 3977 510 4029 oi
521 3976 664 4031 mercurial
678 3993 783 4046 vapour
795 3975 908 4046 coming
925 3975 953 4030 in
971 3986 1082 4032 contact
1096 3977 1161 4032 with
1179 3978 1246 4046 gold
1264 3977 1288 4033 is
1305 3979 1444 4034 sufficient
1461 3989 1490 4034 to

339 4071 403 4116 tum
421 4060 442 4113 it
459 4059 551 4114 white.
591 4061 615 4113 lt
633 4058 664 4124 is,
683 4059 818 4126 however,
836 4067 896 4113 true
915 4059 977 4114 tbat
994 4077 1122 4129 mercury
1138 4058 1283 4116 combines
1300 4077 1367 4131 very
1382 4063 1490 4132 readily

341 4145 405 4198 with
419 4144 492 4212 gold,
506 4143 561 4196 and
580 4143 669 4196 hence
684 4140 706 4196 it
724 4141 747 4196 is
764 4141 834 4196 used
851 4141 894 4197 ior
908 4142 955 4197 the
971 4159 1092 4213 purpose
1108 4143 1141 4198 of
1154 4143 1310 4215 extracting
1325 4145 1387 4200 that
1404 4147 1489 4201 metal

339 4226 411 4281 lrom
423 4228 470 4280 the
482 4242 538 4281 ore.

377 4309 387 4339 ⁹
407 4311 431 4364 lt
451 4309 474 4364 is
493 4309 602 4363 curium
621 4316 651 4361 to
670 4307 788 4363 observe
807 4308 868 4364 that
887 4306 907 4363 it
924 4325 1009 4364 never
1029 4309 1164 4366 occurred
1179 4321 1210 4366 to
1227 4311 1332 4379 Bacon,
1348 4329 1381 4368 as
1400 4311 1422 4366 it
1440 4311 1489 4368 did

341 4392 504 4448 afterwards
517 4403 546 4447 to
559 4395 586 4446 N
589 4401 688 4459 ewton,
700 4391 761 4446 that
775 4392 822 4446 the
838 4392 1015 4462 phenomena
1030 4395 1095 4449 here
1112 4394 1259 4450 described
1275 4395 1378 4464 belong
1396 4405 1427 4450 to
1442 4397 1488 4452 tbe

342 4493 421 4533 same
433 4477 507 4532 class
520 4494 552 4532 as
564 4477 645 4532 those
658 4475 790 4531 included
803 4477 892 4532 under
904 4477 951 4534 the
965 4478 1077 4534 ‘Motus
1091 4477 1323 4550 Congregationis
1336 4477 1471 4550 Majoris'
