3358 5152
305 417 368 487 330
683 409 836 466 NOVUM
859 409 1077 468 ORGANUM.

810 587 952 656 CXXV.

349 735 507 802 Occurret
523 736 660 802 sortasse
678 747 712 801 et
733 737 832 802 illud:
854 759 914 802 nos
929 748 1087 821 tanquam
1103 748 1215 803 actum
1230 756 1336 822 agere,
1352 746 1454 820 atque

304 841 454 924 antiquos
484 840 572 925 ipsos
599 842 740 906 eandem
766 862 866 924 quam
891 863 951 907 nos
972 843 1061 908 viam
1084 843 1228 908 tenuisse
1238 842 1276 904 ⁵⁸.
1337 841 1455 922 Itaque

305 943 480 1008 verisimile
501 944 633 1028 putabit
647 945 811 1029 quispiam
828 945 930 1009 etiam
949 965 1017 1021 nos,
1034 953 1110 1028 post
1131 953 1261 1008 tantum
1278 953 1405 1009 motum
1421 953 1454 1008 ct

306 1048 520 1124 molitionem,
532 1050 731 1112 deventuros
746 1049 879 1112 tandem
891 1049 935 1112 ad
947 1049 1092 1133 aliquam
1106 1069 1149 1112 ex
1161 1048 1225 1112 illis
1236 1047 1455 1132 philosophiis

305 1169 391 1232 quae
406 1152 494 1234 apud
514 1152 667 1234 antiquos
682 1151 864 1216 valuemnt.
909 1152 998 1217 Nam
1014 1161 1047 1216 et
1063 1152 1138 1216 illos
1153 1153 1186 1216 in
1202 1153 1454 1217 meditationum

305 1274 438 1318 suarum
453 1256 620 1339 principiis
634 1255 702 1318 vim
718 1266 752 1321 et
767 1257 897 1340 copiam
918 1276 1072 1340 magnam
1088 1255 1316 1341 exemplorum
1332 1265 1366 1320 et
1381 1276 1455 1339 par·

305 1357 489 1422 ticularium
505 1360 680 1443 paravisse,
694 1369 794 1442 atque
815 1361 848 1423 in
868 1361 1122 1426 commentarios
1138 1381 1195 1444 per
1211 1361 1302 1426 locos
1323 1370 1355 1424 et
1375 1360 1455 1423 titu-

305 1462 355 1526 los
372 1462 553 1545 digessisse,
568 1473 669 1547 atque
688 1464 765 1528 inde
787 1463 1012 1548 philosophias
1027 1484 1104 1528 suas
1118 1474 1152 1529 et
1166 1473 1254 1528 artes
1269 1462 1455 1538 confecisse,

305 1576 339 1630 et
360 1576 483 1650 postea,
502 1588 538 1632 re
558 1577 734 1651 comperta,
755 1569 992 1652 pronuntiasse,
1010 1579 1044 1632 et
1064 1567 1219 1652 exempla
1238 1568 1280 1632 ad
1300 1566 1401 1631 fidem
1421 1575 1455 1630 et

305 1671 446 1735 docendi
469 1669 581 1735 lumen
599 1673 738 1754 sparsim
761 1673 950 1750 addidisse3
973 1673 1031 1737 sed
1047 1672 1293 1755 particularium
1310 1681 1406 1736 notas
1421 1680 1455 1734 ct

306 1774 473 1839 codicillos
488 1794 528 1839 ac
548 1777 803 1840 commentarios
822 1797 899 1841 suos
916 1777 949 1839 in
969 1776 1076 1842 lucem
1100 1777 1197 1841 edere
1215 1794 1454 1858 supervacuum

307 1888 339 1942 et
356 1878 533 1944 molestum
549 1889 701 1962 putasse:
726 1881 865 1963 ideoque
878 1879 992 1944 secisse
1006 1881 1097 1963 quod
1114 1881 1147 1944 in
1163 1880 1370 1944 aedificando
1386 1879 1455 1942 fieri

306 1982 400 2057 solet,
427 2002 548 2064 nempe
574 1993 651 2067 post
676 1984 817 2048 aedilicii
838 1994 1038 2050 structuram
1062 1984 1231 2049 machinas
1253 1994 1287 2049 et
1309 1981 1414 2048 scalas
1435 2003 1455 2046 a

306 2097 483 2170 conspectu
506 2088 677 2152 amovisse.
723 2089 843 2171 Neque
861 2088 956 2154 aliter
973 2088 1097 2153 lactum
1118 2109 1190 2153 esse
1212 2089 1345 2152 credere
1367 2097 1455 2151 certe

305 2201 447 2275 oportet.
492 2191 616 2256 Verum
638 2193 699 2255 nisi
722 2194 795 2275 quis
817 2193 952 2257 omnino
974 2191 1098 2258 oblitus
1120 2192 1216 2256 luerit
1238 2211 1456 2274 eorumquae

305 2295 454 2379 superius
470 2295 659 2374 dictasunt,
674 2295 751 2361 huic
766 2296 943 2378 objectioni
961 2297 1032 2380 (aut
1055 2296 1208 2381 scrupulo
1224 2293 1348 2381 potius)
1363 2295 1455 2360 facile

305 2401 525 2484 respondebit.
571 2399 727 2465 Formam
757 2395 844 2465 enini
871 2403 1057 2485 inquirendi
1086 2411 1120 2466 et
1150 2401 1335 2465 inveniendi
1366 2401 1456 2484 apud

305 2506 461 2587 antiquos
482 2513 515 2568 et
536 2503 598 2589 ipsi
621 2503 814 2589 profitemur
822 2504 859 2582 ⁶⁷,
875 2517 908 2570 et
928 2507 1049 2591 scripta
1064 2526 1176 2571 eorum
1193 2526 1270 2590 prae
1285 2526 1320 2568 se
1338 2504 1455 2568 lerunt.

306 2608 357 2672 Ea
379 2619 489 2672 autem
513 2629 578 2673 non
601 2609 666 2673 alia
689 2607 796 2689 snitu,
819 2631 920 2695 quam
944 2620 980 2674 ut
1002 2610 1046 2674 ab
1072 2609 1233 2694 exemplis
1259 2609 1455 2694 quibusdam

305 2722 339 2777 et
361 2712 613 2796 particularibus
636 2711 774 2799 (additis
797 2715 988 2780 notionibus
1010 2714 1249 2791 communibus,
1265 2722 1298 2776 et
1319 2712 1456 2777 fortasse

305 2933 358 2972 nos
379 2933 495 2988 opemm
515 2917 622 2973 mentio
641 2935 772 2989 asperum
791 2920 926 2990 quiddam
945 2929 1030 2990 atque
1051 2919 1190 2989 ingratum
1209 2929 1237 2974 et
1259 2918 1455 2973 mechanicum

305 3009 396 3068 sonat,
406 3001 624 3056 monstrabimus
634 3012 769 3072 quantum
779 3003 816 3057 illi
825 3001 971 3058 desideriis
984 3003 1041 3058 suis
1054 3002 1173 3074 propriis
1181 3002 1378 3069 adversentur;
1391 3019 1456 3057 cum

305 3083 411 3155 puritas
431 3085 698 3155 contemplationum
718 3095 803 3156 atque
824 3086 993 3142 substructio
1013 3097 1041 3142 et
1061 3085 1184 3141 inventio
1204 3102 1318 3156 operum
1343 3102 1455 3155 prorsus

305 3167 414 3222 eisdem
426 3167 510 3223 rebus
518 3168 651 3235 nitantur,
661 3187 695 3224 ac
704 3169 785 3224 simul
795 3170 1119 3241 perficiantur.'—Partis
1129 3169 1277 3225 Secundae
1287 3169 1455 3236 Delineatio,

306 3251 341 3305 E.
353 3250 410 3305 and
425 3253 463 3319 S.,
475 3252 529 3306 vol.
541 3251 577 3306 iii.
589 3269 616 3322 p.
630 3265 690 3322 549.

341 3335 385 3388 To
404 3333 483 3390 these
499 3350 635 3405 passages
653 3335 745 3405 might
761 3335 798 3391 be
814 3336 909 3390 added
925 3338 998 3391 Now.
1013 3338 1081 3406 Org.
1099 3335 1126 3391 ii.
1139 3350 1192 3404 49:
1213 3335 1345 3392 ‘Etenim
1365 3335 1455 3406 ipsum

306 3418 392 3471 Posse
403 3427 431 3471 et
445 3417 537 3488 ipsum
550 3419 629 3474 Scire
640 3429 770 3474 naturam
785 3419 940 3476 humanam
955 3419 1138 3491 amplificant,
1153 3437 1210 3474 non
1228 3420 1320 3474 beant.
1358 3420 1454 3489 ltaque

306 3501 482 3570 decerpenda
501 3511 564 3556 sunt
586 3519 621 3557 ex
640 3501 821 3559 universitate
841 3521 934 3558 rerum
953 3521 987 3558 ea
1007 3520 1077 3575 quae
1099 3503 1136 3558 ad
1156 3519 1222 3558 usus
1243 3503 1317 3558 vitae
1336 3503 1455 3557 maxime

305 3583 428 3640 iaciunt!

343 3669 376 3722 ln
389 3685 437 3736 my
448 3677 529 3722 notes
541 3684 578 3722 on
590 3669 664 3738 Aph.
679 3671 721 3736 81,
736 3670 748 3723 l
762 3669 834 3724 have
846 3670 961 3740 already
969 3669 1062 3726 stated
1074 3686 1122 3738 my
1131 3685 1246 3725 reasons
1258 3668 1456 3738 lorregarding

307 3753 425 3806 Bacon's
445 3751 610 3821 conception
630 3753 662 3806 oi
679 3753 727 3808 the
747 3754 818 3808 ends
836 3753 870 3807 ol
889 3753 1062 3822 knowledge,
1082 3769 1123 3820 or,
1140 3762 1169 3807 at
1190 3752 1267 3819 least,
1286 3753 1346 3806 that
1366 3751 1455 3807 which

307 3834 330 3890 is
352 3843 425 3888 most
445 3834 603 3904 prominent
625 3836 653 3890 in
674 3836 719 3890 his
741 3837 840 3905 works,
858 3853 890 3891 as
909 3836 1009 3906 partial
1027 3837 1084 3892 and
1103 3835 1279 3891 insufficient
1317 3837 1351 3890 ln
1369 3853 1385 3889 a
1404 3836 1456 3890 few

305 3917 408 3988 places,
424 3917 559 3985 however,
576 3934 608 3973 as
627 3919 655 3974 in
674 3920 723 3974 the
741 3931 852 3990 present
867 3920 1028 3991 Aphorism,
1045 3921 1081 3974 he
1098 3919 1167 3975 rises
1184 3921 1274 3974 above
1286 3920 1334 3974 the
1353 3919 1456 3986 merely

306 4001 439 4071 practical
451 4001 529 4072 view,
542 4013 571 4058 to
584 4003 673 4058 which
684 4004 720 4058 he
733 4004 841 4073 usually
854 4003 981 4060 attaches
993 4003 1111 4059 himself.

341 4083 363 4116 ⁶⁸
383 4086 435 4156 Cp.
450 4085 543 4140 Filum
560 4086 734 4158 Labyriutbi,
749 4088 807 4143 sive
826 4087 973 4158 Inquisitio
992 4086 1131 4158 Legitima
1145 4088 1181 4142 de
1198 4088 1287 4152 Motu,
1301 4087 1335 4140 E.
1347 4086 1404 4140 and
1417 4087 1455 4152 S,

306 4168 359 4223 vol.
373 4167 410 4223 iii.
423 4184 470 4239 pp.
482 4169 578 4237 637-8.

340 4249 363 4282 ⁵¹
382 4253 536 4308 Therecan
546 4255 627 4308 beno
636 4253 765 4324 question
775 4253 836 4309 that
845 4271 886 4309 we
898 4255 984 4324 ought
994 4264 1024 4308 to
1033 4255 1120 4324 adopt
1135 4255 1189 4309 Mr.
1202 4253 1279 4308 Ellis’
1292 4251 1456 4320 correction,

307 4336 500 4406 ‘proibemus'

341 4416 364 4449 ⁸⁸
382 4420 444 4474 The
462 4413 622 4476 remaintler
637 4420 669 4475 ol
684 4420 732 4475 the
750 4420 901 4490 Aphorism
918 4437 995 4476 sums
1011 4437 1049 4490 up
1060 4421 1117 4476 and
1130 4420 1226 4490 brings
1243 4419 1370 4489 together
1381 4420 1456 4474 what

308 4501 362 4558 has
374 4503 489 4573 already
498 4504 569 4560 been
582 4504 643 4559 said
654 4505 809 4574 separately
822 4504 851 4559 in
864 4520 949 4572 many
957 4505 989 4560 oi
998 4504 1046 4559 the
1058 4503 1212 4574 preceding
1223 4503 1400 4574 Aphorisms.
