3358 5152
293 373 357 436 268
671 381 827 437 NOVUM
848 381 1066 438 ORGANUM.

292 547 385 611 tinuo
407 555 563 628 vegetant
586 557 619 610 et
643 555 813 624 crescunt3
841 548 947 629 primo
970 548 1077 624 rudes,
1094 547 1215 611 deinde
1238 549 1442 623 commodae,

293 661 411 732 postea
426 650 589 728 excultae,
605 661 637 713 et
657 661 817 734 perpetuo
832 661 957 715 auctae.

799 824 941 890 LXXV.

338 937 451 1000 Etiam
466 937 556 1002 aliud
572 939 701 1020 signum
717 938 913 1021 capiendum
929 947 979 1002 est
991 937 1032 1024 (si
1048 939 1148 1002 modo
1163 937 1246 1022 signi
1263 936 1443 1021 appellatio

293 1041 370 1104 huic
402 1051 590 1125 competat;
631 1063 707 1106 cum
741 1044 852 1126 potius
884 1043 1111 1106 testimonium
1144 1044 1197 1118 sit,
1227 1050 1328 1125 atque
1360 1044 1444 1106 adeo

293 1146 558 1211 testimoniorum
580 1149 729 1210 omnium
748 1145 1020 1232 validissimum);
1051 1147 1115 1212 hoc
1137 1157 1198 1224 est,
1213 1147 1346 1230 propria
1366 1166 1444 1211 con-

294 1249 392 1314 sessio
414 1251 599 1329 authorum,
614 1272 698 1334 quos
721 1251 872 1315 homines
894 1272 980 1316 nunc
1003 1261 1193 1334 sequuntur.
1240 1252 1329 1315 Nam
1349 1260 1382 1314 et
1398 1248 1444 1312 illi

294 1355 350 1436 qui
375 1364 469 1419 tanta
491 1354 612 1419 fiducia
634 1357 678 1419 de
700 1357 797 1419 rebus
820 1357 1044 1438 pronuntiant,
1060 1365 1171 1420 tamen
1195 1377 1253 1440 per
1275 1353 1445 1418 intervalla

294 1479 369 1523 cum
399 1459 442 1522 ad
469 1479 505 1522 se
535 1460 683 1537 redeunt,
706 1460 748 1523 ad
775 1461 997 1542 querimonias
1022 1462 1065 1525 de
1091 1469 1228 1524 naturae
1254 1459 1445 1533 subtilitate,

295 1583 403 1627 rerum
419 1563 629 1641 obscuritate,
645 1563 781 1628 humani
801 1565 922 1646 ingenii
939 1564 1139 1642 infirmitate,
1155 1585 1191 1628 se
1207 1572 1403 1629 convertunt
1412 1561 1445 1626 ⁹⁹.

297 1667 373 1732 Hoc
383 1688 463 1731 vero
478 1668 505 1730 si
521 1666 716 1751 simpliciter
727 1668 828 1746 fieret,
840 1670 923 1733 alios
934 1668 1081 1746 fortasse,
1094 1669 1151 1750 qui
1165 1676 1241 1731 sunt
1257 1667 1446 1744 timidiores,

295 1773 338 1835 ab
358 1772 503 1836 ulteriori
525 1773 737 1855 inquisitione
757 1774 931 1852 deterrere,
947 1773 1029 1837 alios
1043 1793 1131 1851 vero,
1146 1773 1203 1856 qui
1219 1782 1293 1837 sunt
1315 1771 1446 1854 ingenio

295 1875 445 1940 alacriori
463 1887 496 1940 et
516 1878 621 1959 magis
636 1876 761 1952 fidenti,
776 1880 819 1942 ad
841 1877 1031 1941 ulteriorem
1051 1897 1261 1959 progressum
1281 1895 1399 1940 acuere
1413 1884 1447 1939 et
1504 1877 1508 1884 ’

297 1980 432 2043 incitare
452 1981 564 2060 possit.
608 1979 733 2043 Verum
756 2001 821 2044 non
843 1982 921 2045 satis
941 1980 1004 2044 illis
1026 1991 1076 2044 est
1095 1981 1138 2044 de
1157 2001 1193 2044 se
1216 1979 1372 2058 confiteri,
1388 1981 1447 2044 sed

295 2085 452 2167 quicquid
468 2084 529 2146 sibi
545 2085 623 2167 ipsis
641 2092 698 2148 aut
713 2085 876 2168 magistris
896 2085 962 2148 suis
983 2084 1188 2166 incognitum
1209 2094 1267 2149 aut
1288 2085 1446 2148 intactum

297 2187 393 2252 fuerit
424 2188 457 2252 id
490 2198 586 2252 extra
615 2187 772 2252 terminos
801 2187 968 2271 possibilis
997 2197 1133 2272 ponunt,
1157 2201 1190 2251 et
1217 2199 1376 2270 tanquam
1404 2208 1447 2250 ex

296 2291 392 2357 arte¹
423 2294 558 2377 cognitu
589 2303 647 2357 aut
677 2292 766 2357 iactu
797 2292 999 2376 impossibile
1035 2294 1270 2375 pronuntiant:
1318 2312 1448 2355 summa

296 2398 449 2481 superbia
465 2407 498 2461 et
514 2398 637 2462 invidia
651 2418 784 2462 suorum
802 2398 1007 2461 inventorum
1023 2397 1247 2460 infirmitatem
1264 2398 1296 2460 in
1313 2407 1448 2460 naturae

298 2503 400 2585 ipsius
414 2501 612 2566 calumniam
629 2511 661 2566 et
677 2501 817 2565 aliorum
832 2503 982 2564 omnium
997 2503 1262 2583 desperationem
1274 2510 1448 2564 vertentes,

300 2606 389 2670 Hinc
404 2606 517 2670 schola
533 2606 737 2670 Academiae
759 2627 872 2682 novae,
887 2627 972 2690 quae
987 2605 1215 2688 acatalepsr'am
1236 2627 1279 2669 ex
1301 2603 1449 2688 professo

296 2710 413 2788 tenuit,
429 2719 462 2773 et
477 2709 630 2773 homines
648 2712 691 2774 ad
711 2711 926 2792 sempiternas
944 2709 1097 2774 tenebras
1116 2711 1285 2774 damnavit
1296 2707 1317 2773 ².
1363 2709 1450 2772 Hinc

297 2815 419 2897 opini0,
435 2817 526 2896 quod
540 2815 664 2878 formae
679 2815 748 2878 sive
763 2835 861 2878 verae
879 2835 987 2877 rerum
1002 2815 1207 2879 differentiae
1222 2814 1322 2897 (quae
1337 2832 1451 2876 revera

298 2929 373 2984 sunt
403 2917 492 3002 leges
527 2928 620 2983 actus
653 2915 739 3002 puri)
770 2919 903 2981 inventu
941 2917 1161 3002 impossibiles
1191 2919 1266 2996 sint,
1296 2927 1329 2980 et
1367 2916 1451 2980 ultra

298 3022 468 3086 hominem
478 3021 500 3082 ³.
549 3022 636 3086 Hinc
651 3023 823 3106 opiniones
838 3021 914 3085 illae
930 3023 961 3085 in
977 3023 1084 3086 activa
1105 3031 1137 3086 et
1155 3023 1324 3105 operativa
1340 3030 1450 3105 parte:

335 3159 356 3191 ⁹⁹
376 3161 522 3230 Compare,
534 3161 578 3215 ior
590 3161 722 3227 instance,
735 3163 783 3216 the
798 3161 888 3214 words
901 3161 1030 3215 ascribed
1041 3171 1071 3214 to
1084 3161 1293 3230 Xenophanes:

442 3243 491 3296 Kal
509 3245 539 3298 τὸ
556 3245 603 3314 μὲν
621 3242 666 3297 οὖν
682 3245 768 3314 σαφὲς
786 3248 855 3300 οὔτις
872 3243 936 3314 ἀνὴρ
953 3242 1008 3296 ider
1024 3242 1085 3297 οὐδέ
1102 3265 1140 3298 τις
1159 3245 1233 3298 ἔσται

440 3327 522 3393 εἰδώς,
541 3326 609 3395 ἀμφὶ
627 3327 692 3382 θεῶν
709 3350 737 3382 τε
755 3328 797 3382 καὶ
815 3329 888 3382 doun
907 3327 976 3399 λέγω
994 3329 1052 3396 περὶ
1070 3329 1180 3381 πάντων·

440 3411 463 3464 εἷ
480 3413 531 3482 γὰρ
550 3412 590 3464 καὶ
607 3411 640 3466 τὰ
656 3413 772 3478 μάλιστα
790 3410 865 3482 τύχοι
882 3409 1067 3480 τετελεσμένον
1085 3411 1169 3479 εἰπών,

432 3495 517 3549 καύτὸς
534 3493 602 3563 ὅμως
619 3496 665 3548 οὐκ
683 3490 745 3548 οἶδε·
781 3496 856 3551 δοκὸς
874 3492 898 3548 δ’
914 3495 958 3550 ἐπὶ
975 3497 1042 3548 πᾶσι
1059 3494 1184 3548 τέτυκται.

336 3578 344 3610 ¹
365 3580 423 3633 ‘As
442 3578 465 3632 ii
483 3596 520 3633 on
541 3580 589 3633 the
609 3578 750 3648 authority
769 3580 799 3634 of
818 3578 891 3634 their
911 3579 971 3647 art,'
995 3597 1027 3633 or
1047 3580 1168 3650 perhaps
1188 3578 1236 3633 ‘as
1258 3578 1280 3632 ii
1301 3579 1369 3649 they
1396 3577 1452 3632 had

302 3662 436 3718 scientific
448 3663 572 3731 grounds
585 3663 628 3717 ior
640 3663 739 3732 saying
752 3663 801 3718 so.’

338 3744 349 3776 ²
367 3747 452 3800 From
468 3748 542 3800 what
561 3747 613 3801 has
631 3747 745 3815 already
760 3747 832 3802 been
854 3747 914 3802 said
934 3764 971 3801 on
991 3747 1039 3801 the
1059 3748 1128 3800 New
1145 3747 1291 3815 Academy
1307 3743 1392 3816 (Apu.
1410 3758 1453 3813 37,

301 3849 328 3885 n.
341 3829 398 3898 41),
415 3829 436 3884 it
452 3829 505 3882 will
522 3831 557 3884 be
575 3847 643 3885 seen
659 3831 720 3884 that
737 3831 793 3885 this
809 3831 833 3884 is
849 3847 886 3884 an
904 3828 1090 3900 exaggerated
1104 3829 1174 3883 view
1189 3829 1220 3883 oi
1234 3828 1307 3884 their
1323 3827 1454 3898 position.

302 3914 423 3980 Though
448 3913 513 3982 they
536 3913 660 3983 rejected
686 3913 854 3982 ‘certainty,'
879 3914 946 3982 they
971 3913 1142 3968 constituted
1166 3912 1277 3967 various
1301 3913 1403 3982 grades
1427 3911 1458 3967 oi

302 3996 477 4067 probability,
493 3997 558 4065 and,
574 3997 719 4064 therefore,
738 4014 790 4051 can
808 3997 907 4066 hardly
923 3998 959 4052 be
977 3996 1039 4052 said
1057 4007 1086 4053 to
1105 3998 1177 4051 have
1193 3996 1371 4052 condemned
1389 4011 1455 4050 men

301 4091 330 4135 to
343 4080 450 4134 eternal
462 4080 606 4135 darkness.

338 4161 349 4192 ³
368 4165 414 4218 On
429 4166 547 4219 Bacon’s
561 4182 611 4219 use
624 4164 656 4219 ol
665 4165 712 4219 the
725 4165 801 4218 word
815 4164 838 4217 F
840 4181 909 4232 onn,
923 4182 970 4219 see
985 4165 1184 4233 Introduction,
1199 4166 1212 4231 b
1227 4165 1252 4219 8.

339 4248 400 4301 The
413 4247 528 4317 opinion
542 4249 603 4302 that
620 4250 668 4302 the
683 4246 831 4316 discovery
844 4248 874 4301 oi
887 4249 935 4301 the
950 4249 973 4302 F
976 4265 1036 4301 orm
1054 4247 1077 4302 is
1095 4248 1257 4318 impossible
1271 4247 1295 4302 is
1310 4247 1456 4302 discussed

303 4329 387 4399 again
407 4329 434 4384 in
455 4331 506 4384 Bk.
526 4330 553 4384 ii.
572 4331 662 4401 Aphs.
681 4345 707 4397 2,
726 4345 750 4398 3,
770 4331 827 4385 and
848 4332 907 4386 also
927 4331 955 4385 in
974 4333 1020 4385 De
1036 4331 1212 4400 Augmentis,
1229 4333 1278 4386 lib.
1296 4331 1333 4386 iii.
1353 4346 1415 4400 cap.
1429 4344 1456 4397 4,

303 4413 430 4468 Valerius
441 4413 589 4474 Terminus
603 4416 650 4484 (E.
663 4414 721 4468 and
735 4416 772 4480 S.,
783 4417 835 4469 vol.
850 4413 886 4468 iii.
899 4432 926 4485 p.
940 4414 1013 4483 239),
1026 4415 1084 4468 and
1097 4417 1177 4471 other
1189 4417 1290 4486 places.
1328 4417 1413 4471 Some
1428 4414 1459 4468 ol

303 4495 382 4551 these
395 4513 529 4567 passages
542 4516 589 4554 are
603 4497 767 4553 considered
781 4497 809 4552 in
822 4499 869 4553 the
883 4498 1086 4554 Introduction.
