3344 5152
284 351 346 433 248
662 358 820 416 NOVUM
839 357 1056 416 ORGANUM.

283 545 413 592 summa
426 522 562 590 levitate
577 521 624 589 ita
639 521 852 601 indulserunt,
868 531 906 587 ut
921 521 953 586 in
968 521 1075 605 primo
1095 517 1240 604 capitulo
1256 517 1434 596 Geneseos,

283 639 318 696 et
330 629 362 694 in
375 630 459 694 libro
471 629 546 711 Job,
556 638 589 693 et
600 628 673 692 aliis
683 625 862 712 Scripturis
873 625 981 704 sacris,
992 625 1237 710 philosophiam
1248 622 1433 687 naturalem

285 733 424 798 fundare
439 732 549 798 conati
565 732 651 811 sint;
674 733 757 796 inter
779 733 859 796 viva
878 739 1065 812 quaerentes
1085 739 1215 794 mortua
1224 725 1262 791 ⁴³.
1306 725 1435 791 Tanto·

284 857 350 920 que
375 836 481 920 magis
505 837 586 903 haec
609 837 739 902 vanitas
765 823 942 900 inhibenda
964 833 1063 911 venit,
1084 842 1118 897 et
1145 831 1336 910 coercenda,
1357 829 1435 912 quia

285 961 329 1004 ex
350 939 536 1004 divinorum
552 948 586 1005 et
601 939 823 1006 humanorum
845 937 1011 1002 malesana
1030 936 1229 1001 admistione
1243 955 1312 1000 non
1326 933 1434 998 solum

286 1044 436 1110 educitur
457 1042 668 1127 philosophia
690 1042 907 1127 phantastica,
921 1041 981 1106 sed
1003 1041 1104 1105 etiam
1125 1038 1240 1121 religio
1261 1038 1435 1102 haeretica

286 1147 407 1231 Itaque
433 1147 575 1212 salutare
599 1147 780 1212 admodum
803 1155 862 1226 est,
885 1146 913 1210 si
936 1153 1047 1210 mente
1072 1145 1181 1209 sobria
1203 1142 1281 1208 fidei
1303 1151 1436 1208 tantum

286 1252 406 1317 dentur
422 1271 508 1334 quae
522 1250 600 1316 fidei
615 1263 702 1316 sunt.

798 1379 896 1447 LXV
900 1379 926 1446 1.

330 1527 378 1593 Et
406 1528 451 1594 de
480 1527 576 1593 malis
604 1526 858 1594 authoritatibus
886 1525 1179 1612 philosophiam,
1200 1543 1286 1608 quae
1315 1532 1373 1588 aut
1402 1521 1436 1584 in

287 1631 479 1716 vrrlgaribus
498 1633 689 1710 notionibus,
702 1642 761 1697 aut
781 1633 814 1696 in
826 1633 944 1714 paucis
957 1630 1191 1714 experimentis,
1206 1628 1313 1694 autin
1328 1636 1437 1708 super·

285 1737 416 1801 stitione
434 1735 591 1800 fundatae
613 1745 698 1814 sunt,
710 1735 781 1818 jam
804 1736 929 1801 dictum
952 1746 1010 1800 est.
1056 1733 1244 1799 Dicendum
1266 1749 1364 1816 porro
1387 1739 1437 1794 est

286 1849 320 1904 et
338 1842 380 1905 de
395 1840 513 1905 vitiosa
533 1839 668 1904 materia
687 1839 1003 1924 contemplationum
1013 1836 1051 1913 ⁴⁴,
1066 1836 1256 1924 praesertim
1277 1835 1309 1898 in
1330 1833 1436 1918 philo·

286 1943 406 2028 sophia
443 1943 593 2008 naturali.
640 1942 787 2008 Inficitur
822 1953 934 2009 autem
971 1941 1156 2008 intellectus
1192 1941 1357 2006 humanus
1393 1959 1438 2004 ex

286 2043 408 2112 intuitu
438 2067 551 2113 eorum
581 2067 668 2131 quae
697 2047 730 2112 in
759 2048 884 2112 artibus
915 2047 1110 2112 mechanicis
1139 2045 1232 2119 fiunt,
1256 2047 1290 2110 in
1319 2044 1438 2126 quibus

287 2170 425 2235 corpora
462 2171 521 2236 per
553 2153 810 2236 compositiones
841 2161 899 2216 aut
935 2151 1159 2236 separationes
1190 2159 1228 2213 ut
1260 2146 1437 2232 plurimum

287 2387 373 2443 many
386 2371 505 2441 striking
516 2371 704 2442 illustrauons,
715 2389 792 2430 some
804 2372 836 2428 oi
844 2372 921 2428 them
934 2371 1153 2443 comparatively
1161 2380 1266 2439 recent,
1277 2369 1310 2424 ol'
1319 2369 1439 2424 Bacon's

287 2454 430 2512 criticism.

323 2535 345 2569 ‘³
363 2540 418 2594 See
428 2537 507 2594 Lulr'e
516 2538 588 2594 xxiv.
597 2550 621 2608 5.
659 2539 711 2610 Cp.
722 2541 768 2594 De
777 2537 952 2608 Augmentis,
961 2537 1008 2594 lib.
1018 2538 1053 2593 in
1064 2537 1110 2608 (E.
1118 2537 1175 2593 and
1185 2538 1223 2604 S,
1233 2538 1286 2592 vol.
1295 2535 1312 2592 i.
1321 2554 1348 2608 p.
1356 2535 1420 2606 835)
1431 2553 1439 2592 :

288 2620 342 2677 ‘At
360 2619 389 2675 in
406 2620 609 2692 interpretandi
621 2623 707 2678 modo
721 2623 819 2678 Soluto
836 2622 894 2677 duo
912 2621 1099 2678 interveniunt
1115 2639 1263 2676 excessus:
1282 2622 1352 2677 alter
1366 2621 1439 2691 ejus·

288 2704 365 2758 modi
378 2706 577 2776 praesupponit
591 2704 620 2760 in
635 2705 786 2775 Scripturis
797 2705 1006 2777 perlectionem,
1019 2715 1049 2761 ut
1060 2704 1146 2760 etiam
1159 2705 1250 2760 omnis
1262 2703 1441 2775 philosophia

287 2804 323 2843 ex
334 2804 429 2844 earum
440 2789 563 2844 tontibus
579 2787 636 2860 peti
652 2788 770 2857 debeat3
788 2806 823 2844 ac
841 2789 865 2845 si
882 2787 1060 2860 philosophia
1071 2789 1127 2843 alia
1139 2789 1253 2858 quaevis
1265 2804 1310 2842 res
1322 2786 1442 2857 protana

287 2880 362 2926 esset
374 2880 402 2925 et
414 2871 535 2927 ethnica.
573 2874 654 2928 Haec
666 2871 845 2944 intemperies
857 2872 888 2928 in
899 2873 996 2954 schola
1009 2872 1149 2927 Paracelsi
1161 2870 1318 2942 praecipue,
1330 2886 1441 2926 necnon

288 2955 364 3024 apud
373 2954 442 3009 alios
455 2955 587 3011 invaluit:
607 2954 688 3011 initia
699 2964 794 3011 autem
809 2956 870 3027 ejus
883 2973 900 3012 a
912 2955 1051 3012 Rabbinis
1063 2965 1091 3012 et
1101 2954 1251 3010 Cabalistis
1258 2954 1440 3009 defluxerunt.

288 3037 394 3092 Verum
407 3036 563 3094 istiusmodi
580 3038 710 3094 homines
724 3056 782 3094 non
798 3038 827 3094 id
843 3049 1031 3110 assequuntur
1042 3039 1119 3111 quod
1132 3039 1243 3106 volunt3
1262 3035 1441 3108 nequeenim

288 3120 434 3188 honorem,
452 3130 483 3176 ut
501 3131 608 3191 putant,
627 3121 778 3193 seripturis
796 3123 939 3191 deferunt3
964 3123 1015 3178 sed
1032 3123 1147 3179 easdem
1171 3122 1264 3193 potius
1282 3120 1441 3190 deprimunt

289 3212 318 3258 et
336 3204 472 3273 polluunt.
510 3205 625 3260 Coelum
637 3206 711 3262 enim
723 3206 903 3261 materiatum
918 3217 946 3262 et
959 3216 1064 3261 terram
1076 3205 1122 3276 qui
1137 3206 1164 3260 in
1176 3206 1271 3260 Verbo
1288 3203 1342 3258 Dei
1356 3220 1441 3274 quae-

290 3285 385 3341 siverit
394 3285 442 3356 (de
451 3303 506 3358 quo
516 3286 624 3342 dictum
632 3299 691 3357 est3
714 3289 867 3345 Coctumst
881 3290 971 3344 Terra
977 3289 1204 3360 pertransibunt,
1218 3288 1335 3342 Verbum
1347 3293 1441 3340 autem

291 3385 383 3423 mrum
401 3387 457 3423 non
469 3371 680 3440 pertransibit),
699 3372 722 3428 is
741 3389 809 3428 sane
827 3372 987 3428 transitoria
1002 3373 1073 3427 inter
1090 3381 1204 3427 aeterna
1222 3380 1327 3426 temere
1348 3387 1442 3441 perse·

290 3452 391 3524 quitur.
428 3453 674 3522 Quemadmodum
691 3456 766 3510 enim
779 3455 963 3526 Theologiam
983 3455 1012 3510 in
1031 3453 1212 3525 Philosophia
1227 3471 1369 3524 quaerere,
1382 3471 1442 3525 per·

292 3533 358 3591 inde
369 3545 412 3591 est
424 3553 459 3592 ac
478 3537 501 3592 si
513 3537 593 3593 vivos
610 3555 730 3609 quaeras
748 3538 821 3594 inter
837 3551 980 3608 mortuos;
1000 3539 1039 3594 ita
1050 3556 1066 3594 e
1078 3548 1177 3593 contm
1191 3537 1402 3607 Philosophiam
1413 3536 1442 3592 in

291 3619 447 3688 Theologia
458 3637 599 3692 quaerere,
612 3638 670 3677 non
682 3621 758 3677 aliud
769 3632 812 3679 est
824 3640 909 3694 quam
923 3633 1049 3679 mortuos
1060 3639 1193 3694 quaerere
1206 3621 1277 3676 inter
1288 3620 1385 3676 vivos!

326 3703 381 3757 We
400 3714 474 3758 must
495 3705 623 3759 recollect
644 3705 705 3761 that
725 3705 890 3762 sentiments
909 3707 941 3762 ol
961 3706 1017 3762 this
1034 3706 1111 3772 kind,
1125 3704 1216 3760 which
1234 3704 1300 3759 with
1318 3720 1352 3758 us
1370 3703 1443 3759 have

292 3785 409 3842 become
429 3788 676 3860 common-places,
695 3807 767 3845 were
785 3789 815 3844 in
837 3790 958 3846 Bacon’s
978 3790 1045 3846 time
1066 3789 1149 3845 novel
1167 3788 1225 3843 and
1243 3788 1344 3842 almost
1363 3804 1442 3857 para·

292 3869 410 3925 doxical.
446 3870 508 3925 The
525 3881 646 3943 attempt
665 3882 695 3927 to
714 3873 774 3928 find
792 3891 810 3928 a
835 3873 955 3928 solution
977 3874 1008 3929 oi
1029 3872 1164 3930 scientific
1184 3870 1327 3942 questions
1348 3869 1377 3925 in
1395 3871 1444 3925 the

292 3952 459 4024 Scriptores,
473 3954 530 4008 and
543 3954 591 4010 the
603 3955 724 4024 practice
736 3957 766 4010 oi
782 3955 922 4026 opposing
939 3957 1094 4027 Scriptural
1112 3955 1255 4024 authority
1266 3965 1296 4010 to
1309 3953 1445 4009 scientific

292 4036 477 4103 conclusione,
491 4038 563 4094 have
577 4039 674 4108 hardly
685 4055 756 4094 even
768 4050 814 4109 yet
828 4039 945 4094 become
957 4040 1099 4108 obsolete;
1118 4039 1177 4108 but,
1190 4039 1220 4094 in
1233 4037 1355 4094 Bacon’s
1367 4036 1444 4106 time,

291 4119 358 4190 they
371 4137 443 4176 were
454 4121 504 4176 the
516 4122 584 4190 rule,
597 4122 677 4176 while
689 4121 755 4176 with
768 4139 801 4176 us
810 4121 876 4193 they
885 4139 933 4177 are
945 4123 994 4178 the
1006 4123 1159 4194 exception.

326 4200 350 4234 ⁴⁴
370 4205 416 4258 He
434 4221 498 4260 now
514 4221 613 4274 passes
630 4205 701 4260 irom
719 4221 870 4262 erroneous
888 4206 987 4262 modes
1005 4206 1037 4262 of
1051 4203 1282 4277 philosophising,
1301 4202 1445 4274 sophistis,

291 4285 415 4356 erupiric,
439 4288 497 4344 and
521 4287 725 4358 superstitious,
749 4298 780 4345 to
805 4289 936 4344 fictitious
966 4308 999 4345 or
1022 4289 1187 4344 ill-selected
1212 4288 1318 4357 objects
1343 4288 1374 4342 oi
1402 4287 1446 4342 in·

292 4369 469 4440 vestigation,
481 4371 551 4428 such
567 4387 600 4429 as
618 4371 721 4443 typical
734 4373 831 4443 forms„
845 4371 959 4444 specific
974 4372 1088 4442 virtues,
1106 4372 1198 4430 occult
1211 4371 1375 4444 properties,
1387 4369 1445 4426 and

292 4451 341 4510 the
352 4451 416 4512 like.
