3358 5152
656 363 737 418 ΜΒ.
760 363 788 419 J.-
810 367 947 439 72—73.
1312 353 1372 434 265

225 529 283 592 sed
296 527 424 594 fabulas
439 538 472 592 et
487 549 636 592 rumores
652 529 868 610 antiquitatis.
901 528 1087 612 Regionum
1099 547 1178 591 vero
1194 535 1374 591 tractuum·

224 653 290 715 que
317 634 432 697 mundi
459 633 615 714 exiguam
641 641 770 716 partem
798 643 976 696 noverant:
1011 653 1086 696 cum
1113 651 1229 696 omnes
1255 630 1374 713 hyper-

225 737 354 812 boreos,
399 737 553 820 Scythas,
595 758 711 802 omnes
759 736 989 813 occidentales,
1034 735 1146 800 Celtas
1187 734 1374 798 indistincte

225 840 451 923 appellarent3
478 843 523 904 nil
547 843 580 905 in
601 841 715 905 Africa
739 841 824 906 ultra
847 843 992 904 citimam
1013 839 1214 922 Aethiopiae
1236 847 1375 920 partem,

225 944 271 1006 nil
288 947 320 1007 in
336 945 420 1008 Asia
437 944 522 1009 ultra
540 945 701 1027 Gangem,
718 945 824 1010 multo
846 945 955 1008 minus
976 945 1052 1009 novi
1072 943 1159 1008 orbis
1181 943 1376 1025 provincias,

225 1069 268 1110 ne
283 1069 342 1132 per
356 1049 503 1114 auditum
516 1070 597 1112 sane
609 1059 667 1113 aut
679 1049 801 1113 famam
814 1048 960 1131 aliquam
973 1059 1098 1112 certam
1110 1058 1144 1111 et
1156 1056 1375 1123 constantem,

225 1164 360 1217 nossent
373 1175 381 1232 ;
410 1155 476 1216 imo
500 1163 533 1218 et
556 1151 698 1237 plurima
721 1153 855 1218 climata
878 1164 912 1217 et
934 1174 1047 1230 zonae,
1065 1153 1097 1214 in
1121 1152 1239 1235 quibus
1261 1148 1375 1234 populi

226 1256 341 1320 infiniti
365 1258 490 1341 spirant
514 1268 546 1321 et
570 1259 704 1340 degunt,
719 1268 879 1340 tanquam
900 1257 1131 1321 inhabitabiles
1150 1256 1194 1318 ab
1215 1256 1278 1319 illis
1298 1274 1375 1337 pro-

226 1361 376 1425 nuntiata
396 1362 481 1440 sint3
504 1363 686 1443 quinetiam
709 1362 988 1445 peregrinationes
1009 1361 1202 1438 Democriti,
1217 1358 1375 1434 Platonis,

228 1465 445 1547 Pythagorae,
460 1486 526 1529 non
549 1464 750 1548 longinquae
773 1464 930 1548 profecto,
946 1467 1004 1528 sed
1028 1465 1138 1547 potius
1160 1464 1375 1534 suburbanae,

227 1581 263 1633 ut
278 1591 435 1652 magnum
451 1568 574 1651 aliquid
592 1570 844 1633 celebrarentur.
891 1569 1021 1633 Nostris
1036 1577 1148 1632 autent
1165 1567 1376 1650 temporibus,

226 1684 260 1738 et
275 1675 350 1738 novi
364 1674 451 1738 orbis
466 1682 577 1758 partes
589 1673 776 1757 complures
788 1683 822 1736 et
833 1675 953 1738 veteris
965 1674 1053 1738 orbis
1066 1683 1217 1737 extrema
1229 1672 1376 1753 unquue

227 1779 453 1855 innotescunt;
486 1791 520 1843 et
549 1779 582 1842 in
612 1778 775 1842 infinitum
807 1779 1110 1863 experimentorum
1139 1775 1290 1840 cumulus
1317 1797 1378 1839 ex-

226 1883 338 1946 crevit.
376 1881 489 1966 Quare
505 1883 532 1946 si
548 1903 592 1945 ex
609 1883 791 1948 nativitatis
806 1893 864 1946 aut
879 1884 1051 1967 geniturae
1063 1891 1211 1964 ternpore
1224 1877 1377 1966 (astrolo-

227 2007 345 2068 gorum
358 1986 463 2068 more)
475 1987 570 2069 signa
586 1987 745 2071 capienda
756 1987 831 2066 sint,
843 1985 888 2050 nil
904 1987 1016 2070 magni
1027 1988 1070 2051 de
1082 1987 1151 2050 istis
1162 1984 1377 2068 philosophiis

227 2091 404 2173 significari
419 2092 559 2155 videtur.

719 2196 886 2262 LXXIII.

274 2335 363 2400 Inter
392 2337 494 2418 signa,
516 2335 642 2400 nullum
674 2335 779 2420 magis
809 2345 936 2400 certum
967 2347 1025 2400 aut
1055 2333 1166 2398 nobile
1195 2342 1253 2412 est,
1277 2351 1376 2415 quant

227 2441 318 2520 quod
356 2460 400 2503 ex
432 2440 601 2507 fructibus.
648 2441 789 2505 Fructus
827 2441 913 2505 enim
948 2451 982 2505 et
1015 2461 1117 2524 opera
1150 2440 1284 2501 inventa
1316 2456 1377 2520 pro

227 2544 364 2608 veritate
387 2543 665 2627 philosophiarum
690 2545 781 2609 velut
803 2565 978 2629 sponsores
1002 2553 1036 2609 et
1058 2543 1269 2624 fidejussores
1291 2551 1377 2605 sunt.

228 2648 345 2733 Atque
375 2669 419 2712 ex
453 2649 668 2732 philosophiis
706 2651 776 2714 istis
807 2649 1019 2724 Graecorum,
1050 2658 1083 2712 et
1121 2645 1379 2710 derivationibus

164 2819 168 2825 ,
229 2773 340 2816 earum
364 2774 423 2836 per
445 2752 658 2836 particulares
685 2755 846 2832 scientias,
865 2754 935 2836 jam
963 2773 1023 2837 per
1045 2761 1097 2816 tot
1120 2771 1280 2814 annorum
1304 2769 1377 2832 spa-

228 2857 283 2931 tia,
304 2858 362 2919 vix
386 2877 488 2920 unum
514 2859 779 2941 experimentum
804 2859 925 2923 adduci
951 2867 1070 2941 potest,
1088 2857 1179 2939 quod
1204 2856 1246 2918 ad
1272 2853 1378 2917 homi·

230 2982 309 3026 num
332 2971 455 3025 statum
480 2961 654 3026 levandum
679 2972 712 3026 et
732 2962 916 3043 juvandum
939 2971 1075 3046 spectet,
1094 2971 1127 3024 et
1150 2957 1379 3043 philosophiae

229 3064 507 3149 speculationibus
522 3087 561 3131 ac
579 3068 793 3148 dogmatibus
808 3088 884 3130 vere
904 3076 1077 3150 acceptum
1099 3063 1209 3128 referri
1230 3063 1333 3146 possit
1343 3060 1379 3128 ⁹⁴.

230 3170 336 3252 idque
360 3168 477 3234 Celsus
487 3169 513 3208 ⁹⁵
537 3171 679 3253 ingenue
701 3191 740 3234 ac
764 3174 943 3254 prudenter
965 3169 1106 3247 fatetur,
1137 3167 1301 3243 nimirum,
1319 3188 1379 3230 ex-

229 3392 276 3446 the
288 3391 386 3462 period
398 3392 430 3446 oi
442 3392 554 3462 literary
566 3392 682 3461 activity
697 3403 826 3462 amongst
842 3394 890 3448 the
908 3393 1015 3449 Greeks
1030 3401 1059 3446 at
1076 3392 1129 3446 five
1143 3390 1272 3446 hundred
1289 3405 1381 3459 years,

229 3475 275 3529 the
289 3486 342 3530 two
355 3493 489 3546 passages
503 3477 594 3530 would
607 3477 642 3531 be
656 3477 815 3532 consistent.

265 3561 321 3612 Mr.
346 3560 432 3614 Grote
456 3559 480 3615 is
505 3560 537 3613 of
557 3560 670 3630 opinion
697 3560 757 3615 that
781 3577 821 3615 we
842 3561 914 3614 have
939 3577 976 3614 no
1000 3560 1178 3628 trustworthy
1201 3557 1380 3612 information

229 3643 378 3711 regarding
398 3644 491 3697 Greek
509 3642 615 3712 history
632 3644 673 3698 till
691 3645 738 3698 the
757 3644 816 3698 first
834 3644 970 3698 recorded
989 3642 1151 3712 Olympiad,
1167 3643 1219 3709 776
1237 3654 1290 3696 sc.
1326 3642 1381 3696 We

230 3736 312 3790 must,
331 3727 362 3780 of
381 3743 487 3793 course,
506 3726 675 3796 distinguish
694 3728 819 3782 between
842 3727 955 3782 definite
976 3725 1118 3781 historical
1138 3735 1303 3780 statements
1325 3725 1380 3779 and

231 3810 277 3864 the
295 3809 430 3864 evidence
448 3810 575 3864 afforded
597 3811 634 3878 by
655 3809 836 3877 institutions,
858 3821 990 3878 customs,
1010 3809 1134 3877 iolklore‚
1153 3810 1300 3880 language,
1321 3809 1382 3876 δια,

230 3892 320 3948 which
334 3911 397 3962 may
411 3895 515 3948 stretch
529 3894 612 3948 much
625 3894 731 3948 further
742 3894 824 3948 back.

265 3975 286 4006 ⁹⁴
304 3977 382 4030 With
401 3978 501 4047 regard
520 3986 549 4031 to
567 3977 741 4032 mechanical
758 3976 925 4043 inventions‚
944 3975 1001 4031 this
1018 3978 1121 4045 charge
1139 3976 1171 4042 is,
1189 3977 1218 4029 in
1234 3977 1282 4030 the
1297 3975 1381 4043 main,

229 4071 297 4114 true.
334 4061 435 4128 These,
453 4079 485 4115 so
501 4061 544 4114 sar
560 4077 592 4116 as
611 4063 677 4130 they
693 4062 801 4115 existed
817 4061 845 4114 in
863 4063 911 4114 the
929 4060 1042 4115 ancient
1061 4060 1155 4126 world,
1173 4076 1250 4114 seem
1266 4068 1295 4113 to
1310 4059 1382 4114 have

229 4145 301 4198 been
319 4144 373 4199 due
392 4155 421 4199 to
439 4145 487 4199 the
504 4145 661 4214 Egyptians
677 4145 734 4199 and
750 4145 797 4198 the
815 4145 942 4199 Oriental
959 4144 1071 4198 nations
1089 4143 1184 4196 rather
1199 4143 1267 4197 than
1286 4153 1316 4196 to
1334 4143 1382 4196 the

231 4227 347 4295 Greeks,
358 4228 452 4282 whose
465 4227 586 4283 intellect
597 4245 653 4282 was
666 4228 836 4298 speculative
846 4227 902 4282 and
912 4227 1048 4282 aesthetic
1058 4227 1152 4280 rather
1162 4227 1231 4280 than
1241 4223 1383 4295 practical.

268 4313 292 4364 lt
312 4312 412 4366 should
430 4313 465 4366 be
484 4312 596 4367 noticed
615 4313 677 4367 that
696 4313 792 4366 Bacon
815 4311 925 4380 ignores
944 4311 993 4364 the
1013 4311 1101 4365 whole
1121 4309 1256 4365 aesthetic
1276 4308 1336 4363 side
1354 4309 1386 4362 of

231 4395 324 4450 Greek
336 4395 543 4465 development.

265 4475 287 4508 ⁹⁶
306 4478 452 4548 ‘Repertis
471 4477 573 4534 deinde
591 4477 748 4534 medicinae
766 4476 897 4534 remediis
915 4476 1043 4533 homines
1061 4477 1096 4532 de
1115 4475 1268 4532 rationibus
1285 4491 1382 4530 eorum
