3358 5152
301 395 364 481 33⁶
680 404 836 463 Novum
856 405 1072 463 ornanum.

343 565 460 650 Atque
473 565 602 632 videtur
617 577 735 634 notatu
750 570 887 654 dignum
908 569 940 633 in
962 567 1158 647 Solomone;
1183 569 1366 650 quodcum
1388 569 1448 634 im-

300 671 398 754 perio,
421 692 510 746 auro,
533 671 776 756 magnificentia
798 693 944 757 operum,
966 671 1131 751 satellitio,
1152 672 1323 752 famulitio,
1346 673 1449 738 classe

300 775 440 859 insuper,
456 786 489 841 et
506 777 647 841 nominis
662 777 819 856 claritate,
833 799 872 842 ac
888 797 1017 842 summa
1036 777 1208 842 hominum
1230 777 1448 842 admiratione

300 876 440 956 floreret,
454 887 566 944 tamen
582 879 662 944 nihil
683 880 801 945 horum
824 879 983 964 delegerit
1005 880 1067 944 sihi
1090 881 1132 944 ad
1155 879 1304 964 gloriam,
1320 881 1378 944 sed
1402 881 1448 944 ita

299 983 576 1065 pronuntiaverit:
606 982 756 1050 Gloriam
775 984 843 1048 Dei
860 1006 933 1062 esse,
953 983 1057 1047 celare
1072 1004 1166 1057 rem,·
1187 984 1332 1066 gloriam
1354 985 1448 1068 regis,

300 1087 496 1168 investigare
511 1107 579 1150 rem
589 1087 625 1151 ⁶⁹.

344 1189 471 1253 Rursus
492 1187 531 1276 (si
552 1187 674 1277 placet)
695 1201 825 1276 reputet
844 1193 1019 1277 quispiam,
1035 1202 1196 1276 quantum
1218 1191 1344 1255 intersit
1365 1192 1448 1257 inter

299 1292 470 1358 hominum
485 1295 589 1359 vitam
609 1297 642 1360 in
664 1296 890 1362 excultissima
913 1297 1069 1381 quapiam
1095 1297 1248 1379 Europae
1271 1295 1445 1378 provincia,

299 1405 333 1462 et
349 1398 381 1460 in
398 1400 531 1482 regione
545 1398 658 1482 aliqua
672 1400 790 1465 Novae
811 1400 927 1465 indiae
935 1399 962 1440 ⁷⁰
981 1401 1127 1465 maxime
1147 1399 1216 1464 fera
1236 1408 1270 1463 et
1288 1399 1445 1463 barbara:

299 1499 373 1565 ea⁷¹
395 1511 525 1567 tantum
548 1504 679 1568 differre
701 1503 916 1582 existimabit,
941 1514 977 1569 ut
1000 1505 1119 1568 merito
1140 1502 1301 1566 hominem
1323 1501 1449 1567 homini

298 1603 406 1669 Deum
426 1603 536 1682 essem,
552 1625 617 1671 non
640 1607 747 1672 solum
771 1619 906 1692 propter
927 1607 1088 1672 auxilium
1111 1615 1145 1671 et
1168 1605 1373 1684 beneficium,
1388 1605 1445 1670 sed

299 1709 398 1774 etiam
414 1730 472 1792 per
486 1721 593 1776 status
607 1712 898 1795 comparationem,
912 1722 1001 1777 recte
1016 1712 1081 1777 dici
1096 1707 1208 1796 'possit
1254 1710 1370 1792 Atque
1384 1709 1447 1775 hoc

299 1833 365 1877 non
381 1811 498 1890 solum,
515 1834 580 1878 non
595 1815 733 1893 coelum,
749 1835 815 1879 non
831 1836 977 1900 corpora,
992 1817 1051 1881 sed
1067 1825 1155 1879 artes
1170 1825 1348 1899 praestant.

344 1917 480 1992 Rursus,
495 1918 561 1981 vim
578 1929 612 1984 et
625 1919 780 1984 virtutem
795 1930 829 1985 et
845 1919 1097 2002 consequentias
1115 1938 1221 1982 rerum
1241 1919 1445 1982 inventarum

299 2031 415 2085 notare
426 2021 520 2103 juvat
528 2045 538 2097 3
562 2042 648 2105 quae
662 2043 728 2088 non
745 2023 777 2086 in
793 2023 864 2087 aliis
879 2023 1080 2088 manifestius
1096 2031 1278 2099 occurrunt,
1293 2042 1393 2104 quam
1413 2023 1445 2086 in

300 2123 361 2190 illis
386 2125 493 2189 tribus
518 2146 604 2209 quae
629 2127 772 2210 antiquis
801 2127 997 2210 incognitae,
1023 2136 1057 2191 et
1086 2146 1226 2209 quarum
1257 2125 1445 2208 primordia,

298 2229 375 2294 licet
391 2229 544 2308 recentia,
558 2230 698 2296 obscura
713 2241 746 2296 et
763 2231 902 2314 ingloria
921 2239 1016 2295 sunt:
1039 2230 1133 2294 Artis
1153 2229 1304 2294 nimirum
1328 2229 1446 2310 Impri-

300 2333 418 2406 mendi,
436 2332 582 2398 Pulveris
598 2334 827 2411 Tormentarii,
839 2345 873 2399 et
889 2333 982 2399 Acus
998 2331 1207 2398 Nauticae⁷³.
1247 2333 1341 2398 Haec
1356 2333 1445 2398 enim

298 2437 363 2501 tria
391 2457 497 2500 rerum
523 2437 638 2504 faciem
666 2446 699 2502 et
725 2447 847 2503 statum
874 2440 907 2501 in
931 2438 1011 2502 orbe
1033 2448 1193 2502 terrarum
1218 2447 1444 2502 mutaverunt:

299 2541 449 2625 primurn,
466 2541 498 2604 in
523 2562 557 2606 re
579 2541 740 2620 literaria;
764 2544 953 2621 secundum,
974 2542 1007 2606 in
1031 2561 1066 2605 re
1087 2541 1225 2616 bellica3
1248 2541 1391 2618 tertium,
1412 2541 1445 2604 in

297 2797 432 2850 memory,
453 2781 504 2836 has
522 2781 628 2836 altered
647 2779 784 2851 ‘primae’
796 2780 855 2835 into
875 2779 1029 2850 ‘primumi
1041 2778 1216 2834 ‘dididerunt
1227 2778 1234 2802 ’
1247 2779 1306 2834 into
1323 2779 1444 2836 ‘didide-

297 2865 377 2932 rant,’
389 2864 447 2918 and
460 2864 634 2934 ‘praeclaro’
646 2863 707 2919 into
721 2863 911 2934 ‘praestanti’

332 2945 355 2978 ⁸⁹
374 2947 512 3003 Proverbs
524 2965 584 3002 xxv.
598 2961 621 3002 2.

331 3026 354 3061 ³⁰
372 3031 434 3084 The
453 3047 536 3086 name
553 3030 637 3100 given
655 3039 686 3084 to
703 3031 752 3085 the
764 3031 897 3085 Westem
911 3028 1062 3084 Continent
1081 3028 1139 3083 and
1153 3028 1272 3095 Islands,
1286 3029 1367 3083 when
1386 3029 1444 3084 first

297 3111 462 3168 discovered
475 3114 512 3184 by
525 3114 687 3182 Columbus,
701 3114 763 3168 who
779 3111 922 3182 imagined
938 3112 1016 3167 them
1029 3121 1058 3166 to
1070 3111 1106 3167 be
1119 3129 1136 3166 a
1149 3120 1210 3183 part
1223 3111 1255 3165 oi
1266 3111 1355 3166 ludia.
1391 3113 1444 3166 We

298 3193 353 3250 still
371 3196 444 3250 have
462 3205 553 3252 traces
571 3197 604 3251 of
619 3197 676 3252 this
700 3197 909 3252 nomenclature
927 3193 955 3248 in
973 3195 1022 3250 the
1043 3195 1141 3250 ‘West
1167 3193 1278 3261 lndies,’
1296 3193 1344 3250 the
1364 3194 1444 3251 ‘Red

299 3277 433 3347 lndians,’
448 3279 603 3347 ‘Indiana‚'
617 3279 669 3333 dac.

332 3358 354 3391 ²¹
373 3363 470 3432 Ought
487 3371 537 3418 not
554 3361 610 3417 this
624 3362 701 3416 word
712 3371 741 3416 to
753 3363 789 3416 be
807 3360 950 3416 corrected
964 3370 995 3415 to
1011 3377 1068 3428 eas,
1081 3360 1173 3415 which
1185 3359 1209 3415 is
1222 3359 1269 3415 the
1287 3359 1404 3430 reading
1415 3361 1443 3416 in

296 3445 345 3500 the
357 3445 463 3500 edition
476 3445 625 3515 published
638 3455 666 3499 at
681 3445 794 3514 Leyden
807 3445 836 3498 in
851 3446 938 3514 1645?

331 3525 355 3558 ⁷²
374 3527 408 3556 “‘
419 3529 514 3583 Homo
535 3527 641 3582 homini
661 3528 749 3596 Deus,
767 3527 790 3582 si
810 3545 891 3582 suum
909 3526 1032 3582 officium
1051 3525 1146 3581 sciat.”
1182 3527 1227 3580 An
1244 3525 1398 3597 Aphorism
1416 3527 1448 3581 of

298 3610 435 3666 Caecilius
456 3611 587 3666 Comicus
606 3611 683 3682 apud
704 3611 867 3679 symmach.
887 3609 978 3681 Epist.
996 3628 1020 3664 rc
1043 3623 1093 3676 104
1113 3609 1160 3673 (al.
1179 3607 1259 3676 114).’
1290 3607 1357 3678 (iix.
1374 3610 1443 3676 108.)

297 3693 412 3749 ‘Bacon
427 3695 480 3750 has
496 3695 644 3765 expanded
656 3694 704 3749 the
720 3694 852 3763 meaning
864 3693 896 3748 oi
906 3694 954 3748 the
971 3692 1071 3763 saying
1084 3690 1247 3761 (according
1259 3701 1288 3747 to
1301 3691 1345 3746 his
1358 3693 1443 3760 wont)

296 3777 409 3847 beyond
428 3777 464 3832 its
482 3776 600 3848 original
617 3786 721 3833 extent.
757 3779 812 3832 See
830 3777 891 3832 also
910 3774 1057 3843 Zenobius,
1072 3776 1152 3831 Cent.
1166 3775 1183 3830 i.
1197 3788 1228 3844 91
1244 3774 1273 3829 in
1289 3774 1445 3830 Gaissord's

297 3861 544 3932 Paroemiographi
554 3861 663 3930 Graeci,
672 3861 763 3916 where
773 3861 820 3916 the
833 3860 953 3931 proverb
963 3859 987 3914 is
993 3855 1147 3929 Ἀνθρωπος
1156 3857 1290 3927 ἀνθρώπου
1300 3856 1446 3928 δαιμόνων)

297 3944 348 3998 Dr.
363 3945 501 3999 Kitchin's
514 3955 589 4000 note.
626 3944 667 4000 Oi
679 3945 728 4000 the
741 3953 795 3998 two
808 3942 923 3998 authors
936 3943 1003 3998 here
1019 3941 1103 4010 cited,
1117 3939 1255 3996 Caecllius
1269 3941 1385 4010 Statius,
1399 3943 1446 3996 the

295 4025 387 4082 comic
405 4037 479 4098 poet,
492 4027 557 4083 died
577 4040 630 4084 uc.
647 4029 705 4096 168,
718 4027 803 4096 being
820 4044 857 4081 an
876 4025 1038 4082 immediate
1056 4025 1238 4094 predecessor
1255 4025 1286 4078 ol
1301 4026 1444 4092 Terence;

295 4109 433 4165 Zenobius
452 4111 526 4167 lived
539 4111 567 4166 in
584 4111 633 4167 the
651 4111 719 4166 time
731 4110 764 4164 oi
775 4109 913 4165 Hadrian.
950 4111 975 4164 lt
994 4107 1133 4164 hasbeen
1154 4107 1268 4178 pointed
1286 4116 1335 4162 out
1352 4118 1382 4162 to
1398 4124 1444 4163 me

295 4193 358 4247 that
371 4193 419 4248 the
431 4211 509 4249 same
522 4194 639 4266 proverb
652 4194 676 4249 is
688 4193 810 4248 referred
822 4201 852 4247 to
866 4192 894 4246 in
909 4193 1048 4248 Hoolter’s
1061 4189 1271 4246 Ecclesiastical
1284 4189 1383 4260 Polity,
1396 4191 1443 4245 blr.

296 4275 313 4330 i.
327 4276 371 4332 ch.
383 4295 410 4332 x.
423 4287 489 4332 sect.
503 4291 542 4331 12.
580 4277 636 4332 See
645 4293 681 4331 an
694 4275 858 4345 interesting
867 4286 933 4331 note
942 4293 979 4332 on
988 4275 1036 4331 the
1046 4291 1164 4345 passage
1177 4273 1204 4328 in
1215 4275 1297 4328 Dean
1308 4272 1443 4328 Church’s

295 4357 402 4414 edition
414 4361 445 4413 oi
454 4360 501 4414 bk.
515 4359 531 4414 i.
546 4359 716 4428 (Clarendon
730 4359 835 4428 Press),
849 4375 875 4429 p.
887 4360 945 4428 128,
958 4358 1014 4415 and
1027 4375 1071 4429 cp.
1084 4356 1330 4429 JeremyTaylors
1339 4357 1443 4411 Works

297 4439 353 4510 (ed.
368 4442 465 4497 Heber
476 4442 534 4496 and
547 4442 651 4513 Eden),
664 4443 718 4498 vol.
731 4442 767 4498 iv.
780 4460 807 4514 p.
821 4454 881 4512 315.

331 4521 355 4554 ⁷³
373 4527 424 4596 Cp.
437 4526 511 4596 Aph.
526 4539 585 4594 109.
