3250 5138
627 388 706 444 nra.
731 390 773 445 rr.
796 392 848 462 50·
1250 396 1291 464 57
1296 395 1316 464 5

162 553 219 618 sed
236 551 469 629 transitoriam,
486 562 519 618 et
535 553 695 618 nitentem
712 573 843 639 semper
858 554 900 618 ad
920 553 1162 619 restitutionem
1181 564 1214 620 et
1234 556 1316 621 libe-

162 657 324 722 rationem
340 658 399 721 sui.
430 658 594 723 Attamen
611 679 677 722 non
692 659 752 722 abs
769 679 803 722 re
818 659 903 722 soret
919 658 1017 740 hujus
1033 660 1077 722 rei
1090 659 1198 723 iacere
1213 681 1315 742 expe-

163 762 303 826 rimenta
318 760 429 844 aliqua
444 761 674 845 diligentiora3
698 763 741 826 ad
757 762 820 826 hoc
832 762 967 840 scilicet,
980 775 1089 827 utrum
1102 763 1316 828 condensatio

161 865 307 948 corporis
323 867 406 930 bene
421 866 574 930 similaris
590 863 714 950 (qualia
729 875 807 930 sunt
824 873 889 944 aer,
904 887 1000 949 aqua,
1016 865 1134 943 oleum,
1151 877 1185 931 et
1203 866 1317 948 hujus·

162 967 276 1054 modi),
289 978 347 1033 aut
359 969 532 1034 rarefactio
544 970 695 1034 similiter
705 991 764 1052 per
775 971 968 1036 violentiam
980 970 1093 1049 indita,
1106 971 1234 1054 possint
1246 969 1316 1035 fieri

161 1082 351 1137 constantes
374 1083 407 1137 et
430 1073 518 1137 fixae
541 1082 574 1136 et
595 1075 690 1156 quasi
711 1085 859 1138 mutatae
880 1075 912 1138 in
933 1082 1084 1138 naturam
1095 1073 1118 1138 ⁴.
1164 1075 1203 1138 Id
1223 1076 1314 1157 quod

161 1177 270 1259 primo
286 1177 522 1260 experiendum
539 1198 598 1260 per
614 1198 740 1241 moram
756 1177 939 1261 simplicem
952 1203 959 1257 ;
983 1179 1104 1243 deinde
1118 1199 1177 1263 per
1191 1178 1316 1244 auxilia

160 1290 194 1344 et
209 1301 393 1344 consensus.
422 1281 538 1364 Atque
552 1281 632 1345 illud
648 1282 744 1346 nobis
756 1282 788 1345 in
804 1293 960 1367 promptu
976 1283 1090 1347 suisset
1106 1279 1147 1366 (si
1162 1284 1264 1347 modo
1280 1283 1312 1348 in

163 1393 307 1449 mentem
323 1383 489 1470 venisset),
505 1406 580 1450 cum
595 1406 717 1468 aquam
733 1383 790 1471 (de
805 1406 871 1468 qua
886 1385 965 1450 alibi
976 1384 1002 1472 ⁵)
1015 1407 1072 1468 per
1088 1385 1315 1450 malleationes

163 1498 196 1553 et
209 1490 371 1572 pressoria
381 1489 663 1565 condensavimus,
675 1500 853 1573 antequam
864 1501 1059 1573 erumperet.
1085 1490 1315 1554 Debueramus

163 1594 250 1656 enim
262 1592 437 1675 sphaeram
451 1595 695 1677 complanatam
708 1615 767 1676 per
778 1595 905 1677 aliquot
916 1594 988 1658 dies
1003 1594 1064 1657 sibi
1075 1594 1269 1678 permisisse,
1281 1604 1315 1659 et

162 1706 234 1760 tum
247 1698 381 1761 demum
394 1718 514 1780 aquam
527 1700 731 1776 extraxisse;
752 1709 788 1762 ut
805 1696 899 1762 fieret
914 1699 1188 1783 experimentum,
1204 1709 1314 1763 utrum

162 1801 276 1864 statim
297 1800 473 1883 impletura
494 1801 608 1866 luisset
628 1802 730 1866 talem
750 1802 1000 1877 dimensionem,
1019 1801 1151 1884 qualem
1170 1802 1315 1866 habebat

162 1914 239 1970 ante
254 1907 557 1969 condensationem.
584 1904 685 1988 Quod
698 1905 801 1970 sinon
814 1905 943 1970 lecisset
956 1915 1013 1970 aut
1026 1907 1148 1978 statim,
1159 1915 1217 1970 aut
1227 1916 1316 1970 certe

162 2007 264 2091 paulo
279 2018 364 2091 post,
376 2019 532 2073 constans
544 2009 697 2074 videlicet
710 2008 797 2074 lacta
807 2009 910 2073 videri
923 2011 1086 2091 potuisset
1099 2011 1161 2074 ista
1172 2011 1315 2074 conden-

163 2113 269 2189 sati03
299 2114 349 2176 sin
373 2115 489 2192 minus,
512 2113 717 2198 apparuisset
740 2113 862 2178 laetam
885 2112 983 2178 luisse
1005 2115 1257 2190 restitutionem,
1281 2125 1315 2179 et

163 2215 440 2299 compressionem
456 2217 557 2282 fuisse
572 2216 804 2281 transitoriam.
839 2217 953 2281 Etiam
967 2217 1075 2281 simile
1091 2218 1250 2299 quiddam
1266 2219 1315 2282 sa·

163 2320 316 2384 ciendum
332 2331 402 2385 erat
417 2321 501 2386 circa
517 2321 745 2385 extensionem
762 2321 846 2385 ae'ris
865 2321 899 2384 in
914 2321 983 2384 ovis
997 2321 1109 2385 vitreis
1120 2322 1141 2386 ὓ.
1180 2321 1313 2386 Etenim

162 2425 322 2488 debuerat
343 2424 422 2502 fieri,
438 2435 514 2507 post
535 2425 747 2489 exuctionem
768 2424 898 2502 lortem,
919 2425 1030 2489 subita
1049 2435 1082 2489 et
1102 2424 1194 2488 firma
1216 2425 1313 2489 obtu-

163 2529 266 2606 ratio;
288 2529 409 2592 deinde
424 2529 606 2593 debuerant
621 2549 683 2592 ova
699 2527 755 2592 illa
772 2549 904 2592 manere
921 2529 967 2592 ita
982 2530 1136 2593 obturata
1154 2549 1214 2613 per
1232 2550 1314 2593 non·

162 2631 269 2695 nullos
285 2633 373 2710 dies;
397 2643 430 2697 et
446 2642 517 2697 tum
533 2634 668 2697 demum
685 2632 922 2716 experiendum
935 2632 1058 2710 fuisset,
1072 2643 1182 2697 utrum
1199 2644 1315 2714 aperto

161 2735 321 2800 foramine
344 2746 505 2801 attractus
527 2736 642 2800 fuisset
664 2743 720 2799 ae'r
743 2756 817 2800 cum
840 2735 946 2814 sibilo,
969 2746 1027 2801 aut
1050 2737 1149 2800 etiam
1172 2748 1314 2802 attracta

161 2839 273 2904 suisset
290 2850 384 2904 tanta
398 2841 566 2922 quantitas
578 2861 685 2922 aquae
698 2851 773 2922 post
791 2841 1043 2916 immersionem,
1058 2851 1183 2922 quanta
1199 2841 1314 2906 fuisset

161 2945 205 3008 ab
221 2945 320 3023 initio,
336 2945 363 3007 si
381 2943 470 3008 nulla
488 2944 638 3009 adhibita
659 2943 774 3009 fuisset
795 2964 896 3009 mora.
943 2944 1118 3008 Probabile
1138 2945 1236 3020 enim,
1257 2957 1315 3010 aut

162 3047 281 3114 saltem
308 3049 446 3132 dignum
470 3048 669 3132 probatione
692 3059 751 3123 est,
775 3048 856 3112 haec
879 3047 950 3111 lieri
972 3050 1118 3130 potuisse
1141 3060 1174 3114 et
1197 3071 1314 3132 posse;

161 3163 337 3235 propterea
371 3154 462 3235 quod
500 3153 532 3215 in
565 3151 757 3234 corporibus
790 3149 890 3236 paulo
924 3153 1029 3232 magis
1065 3152 1314 3217 dissimilaribus

161 3255 280 3320 similia
310 3256 429 3320 efficiat
461 3276 552 3320 mora
581 3257 749 3339 temporis.
797 3255 931 3318 Etenim
958 3255 1112 3321 baculum
1139 3277 1198 3340 per
1224 3277 1314 3321 com-

160 3359 362 3442 pressionem
381 3369 551 3424 curvatum
572 3369 649 3442 post
669 3359 805 3441 aliquod
824 3370 957 3441 tempus
978 3379 1044 3422 non
1064 3359 1184 3438 resilit;
1208 3381 1316 3443 neque

161 3463 194 3526 id
222 3464 453 3547 imputandum
482 3473 531 3527 est
558 3463 654 3527 alicui
681 3463 901 3545 deperditioni
927 3484 972 3526 ex
999 3474 1126 3545 quanto
1152 3462 1231 3548 ligni
1258 3486 1317 3547 per

160 3586 309 3644 moram3
341 3588 418 3632 nam
442 3568 532 3631 idem
557 3567 615 3632 fiet
640 3568 672 3630 in
701 3566 822 3631 lamina
845 3567 920 3631 ferri
945 3565 986 3652 (si
1013 3579 1175 3652 augeatur
1199 3567 1314 3656 mora),

160 3687 247 3753 quae
262 3692 328 3735 non
344 3681 394 3735 est
409 3671 613 3752 expirabilis
641 3669 741 3753 Quod
757 3672 785 3735 si
801 3693 867 3734 non
882 3673 1038 3736 succedat
1050 3674 1315 3755 experimentum

160 3794 221 3858 per
239 3795 363 3838 moram
385 3774 578 3857 simplicem,
600 3785 711 3838 tamen
733 3795 800 3839 non
819 3776 1038 3839 deserendum
1061 3787 1112 3840 est
1134 3778 1314 3860 negotium,

160 3878 219 3941 sed
250 3879 374 3942 auxilia
399 3878 464 3944 alia
489 3879 688 3943 adhibenda.
734 3880 812 3944 Non
839 3881 927 3943 enim
955 3899 1070 3962 parum
1097 3878 1178 3943 lucri
1209 3879 1256 3960 fit,
1285 3883 1312 3946 si

195 4081 207 4112 ⁴
226 4083 300 4136 Both
318 4099 401 4152 gases
420 4083 477 4138 and
495 4082 597 4153 liquids
615 4099 664 4138 are
682 4083 817 4154 perlectly
834 4082 950 4149 elastic;
981 4083 1042 4137 that
1063 4080 1086 4135 is
1111 4091 1142 4136 to
1168 4100 1226 4152 say,
1245 4085 1317 4140 aiter

159 4165 335 4235 undergoing
347 4185 365 4219 a
377 4167 487 4236 change
501 4166 528 4220 in
542 4167 662 4234 volume,
674 4167 741 4236 they
754 4167 850 4236 regain
863 4168 973 4236 exactly
982 4165 1055 4220 their
1067 4165 1186 4235 original
1196 4167 1316 4236 volume,

160 4249 242 4303 when
256 4249 304 4303 the
317 4247 435 4320 original
448 4267 578 4320 pressure
591 4249 616 4306 is
628 4251 764 4306 restored.
801 4249 871 4306 This
883 4250 939 4305 lact
952 4251 1005 4304 has
1015 4250 1087 4305 been
1097 4249 1269 4307 established
1279 4253 1317 4322 by

161 4349 313 4386 numerous
326 4333 523 4402 experiments.

197 4411 414 4484 “mmmm

197 4495 312 4566 ο1145.
