3280 5238
95 3921 96 3924 Ἴ
202 3823 273 3894 5⁶⁶)-

672 379 751 443 LIB.
773 386 816 442 ΙΙ.
841 396 891 462 3¹·
1293 396 1356 460 447

207 551 379 626 humanae,
404 551 562 616 reddatur
589 550 774 615 intellectus
804 551 966 615 attonitus
995 561 1028 614 et
1055 551 1177 632 ligatus
1204 560 1237 614 et
1264 552 1357 634 quasi

207 655 422 721 rnaleliciatus
451 657 563 738 quoad
597 654 662 730 illa,
694 656 740 720 ita
771 665 807 720 ut
837 675 913 720 cum
947 656 1020 719 aliis
1050 675 1262 720 consuescere
1292 675 1357 719 non

174 749 177 756 ¹
208 760 321 843 possit,
342 760 401 823 sed
427 760 552 842 cogitet
575 759 656 822 nihil
681 759 752 840 ejus
778 760 907 842 generis
935 757 1003 822 heri
1029 780 1125 843 posse
1151 760 1212 823 nisi
1240 761 1356 824 eadem

206 864 259 928 via
286 884 352 946 qua
379 862 435 928 illa
465 863 581 928 effecta
611 873 696 940 sunt,
722 864 900 927 accedente
926 867 1159 929 tantummodo
1186 864 1357 948 diligentia

208 967 333 1050 majore
355 979 389 1032 et
412 967 662 1050 praeparatione
685 968 791 1050 magis
813 977 966 1032 accurata
976 965 1009 1030 ¹⁸.

251 1071 383 1150 Contra,
404 1071 485 1135 illud
507 1072 697 1154 ponendum
718 1081 769 1136 est
790 1092 849 1155 pro
868 1081 977 1136 certo:
1000 1073 1071 1136 vias
1093 1082 1127 1136 et
1150 1073 1266 1137 modos
1289 1073 1356 1138 effi-

206 1175 313 1240 ciendi
336 1196 387 1240 res
409 1185 443 1240 et
467 1195 575 1257 opera,
599 1195 684 1257 quae
708 1175 816 1239 adhuc
840 1186 970 1259 reperta
997 1186 1075 1239 sunt
1099 1186 1133 1240 et
1158 1186 1283 1254 notata,
1305 1197 1357 1241 res

207 1301 278 1344 esse
292 1281 473 1362 plerunque
486 1279 701 1363 pauperculas
714 1302 721 1358 ;
740 1288 841 1362 atque
854 1300 987 1344 omnem
1000 1281 1182 1364 potentiam
1196 1280 1355 1362 majorem

206 1386 349 1468 pendere
369 1395 403 1448 et
418 1385 533 1448 ordine
550 1384 688 1449 derivari
704 1407 725 1450 a
739 1385 884 1450 lontibus
904 1385 1092 1464 formarum,
1109 1406 1248 1468 quarum
1268 1383 1356 1450 nulla

206 1487 314 1552 adhuc
331 1489 466 1553 inventa
481 1476 532 1553 est
542 1487 574 1551 ¹⁰.

250 1593 369 1676 Itaque
392 1589 443 1676 (ut
465 1592 544 1658 alibi
571 1588 765 1678 diximus²⁰)
792 1593 849 1675 qui
875 1594 917 1657 de
945 1594 1104 1658 machinis
1128 1603 1163 1658 et
1189 1594 1355 1672 arietibus,

205 1695 318 1779 quales
333 1708 426 1761 erant
441 1698 530 1780 apud
546 1706 682 1772 veteres,
698 1697 884 1780 cogitasset,
901 1698 977 1762 licet
995 1698 1059 1761 hoc
1080 1697 1211 1763 lecisset
1231 1699 1356 1764 obnixe

204 1812 306 1884 atque
335 1810 479 1866 aetatem
510 1803 542 1864 in
573 1822 613 1866 eo
643 1802 910 1883 consumpsisset,
934 1823 1103 1884 nunquam
1131 1811 1243 1867 tamen
1273 1804 1354 1868 inci-

205 1905 310 1970 disset
336 1906 367 1969 in
394 1906 564 1970 inventum
592 1914 831 1969 tormentomm
862 1907 1034 1989 igneorum
1063 1908 1270 1990 operantium
1297 1929 1357 1992 per

206 2009 372 2091 pulverem
399 2009 541 2092 pyrium.
587 2011 707 2092 Neque
733 2030 853 2087 rursus,
877 2011 933 2094 qui
959 2011 991 2073 in
1017 2009 1166 2074 lanificiis
1193 2020 1226 2074 et
1252 2013 1355 2075 serico

204 2113 380 2196 vegetabili
406 2113 670 2178 observationem
700 2135 794 2178 suam
819 2124 852 2179 et
877 2115 1129 2178 meditationem
1152 2114 1355 2188 collocasset,

205 2237 349 2299 unquam
373 2238 431 2300 per
449 2239 488 2282 ea
512 2220 684 2302 reperisset
704 2227 857 2283 naturam
875 2219 996 2283 vermis
1018 2229 1074 2282 aut
1097 2219 1191 2283 serici
1212 2220 1355 2301 bomby-

203 2323 276 2385 cini.
602 2383 605 2390 .

249 2426 413 2509 Quocirca
431 2429 541 2491 omnia
561 2429 700 2504 inventa,
717 2449 803 2509 quae
817 2427 940 2492 censeri
957 2439 1094 2511 possunt
1111 2427 1216 2510 magis
1231 2428 1354 2492 nobilia

204 2529 243 2615 (si
273 2532 421 2595 animum
450 2531 626 2618 advertas),
653 2534 686 2596 in
717 2531 824 2596 lucem
854 2533 1014 2616 prodiere,
1042 2531 1133 2595 nullo
1164 2534 1267 2596 modo
1296 2554 1354 2616 per

204 2633 338 2718 pusillas
360 2635 603 2702 enucleationes
623 2647 657 2701 et
675 2637 887 2700 extensiones
909 2637 1040 2708 artium,
1059 2638 1116 2700 sed
1140 2637 1275 2700 omnino
1296 2658 1355 2720 per

204 2759 325 2804 casum.
385 2740 478 2804 Nihil
514 2750 625 2805 autem
660 2748 885 2824 repraesentat
898 2737 923 2776 ²¹
955 2750 1014 2805 aut
1049 2741 1208 2822 anticipat
1240 2760 1352 2805 casum

204 2840 308 2928 (cujus
324 2865 396 2908 mos
412 2855 462 2909 est
478 2855 514 2908 ut
534 2854 664 2910 tantum
685 2866 744 2929 per
761 2845 861 2928 longa
879 2843 1010 2908 saecula
1029 2842 1205 2929 operetur),
1222 2856 1353 2929 praeter

202 2948 425 3013 inventionem
440 2949 620 3013 formarum
631 2947 666 3013 ²².

248 3052 416 3136 Exempla
438 3065 550 3118 autem
573 3053 763 3136 hujusmodi
787 3053 1015 3118 instantiarum
1040 3052 1248 3134 particularia
1271 3052 1350 3116 nihil

202 3176 286 3239 opus
315 3167 365 3221 est
395 3159 569 3234 adducere,
599 3166 736 3242 propter
766 3158 896 3241 copiam
930 3158 1119 3221 eorundem.
1174 3155 1264 3221 Nam
1289 3159 1353 3223 hoc

203 3261 337 3326 omnino
367 3264 551 3344 agendum;
589 3272 625 3326 ut
655 3263 828 3326 visitentur
860 3272 894 3325 et
924 3261 1056 3343 penitus
1085 3261 1352 3343 introspiciantur

202 3383 319 3428 omnes
340 3375 428 3429 artes
451 3366 670 3443 mechanicae,
693 3376 793 3449 atque
816 3364 968 3429 liberales
990 3365 1091 3428 etiam
1109 3361 1285 3448 (quatenus
1308 3369 1351 3431 ad

201 3466 324 3553 opera),
350 3479 452 3551 atque
482 3470 559 3534 inde
585 3469 736 3536 iacienda
759 3480 809 3534 est
832 3469 1002 3552 congeries
1028 3470 1096 3532 sive
1119 3469 1254 3534 historia
1277 3492 1351 3553 par·

239 3656 258 3688 ¹,
345 3655 352 3668 .

236 3738 258 3771 ¹⁹
276 3659 330 3812 (clii.
342 3675 362 3796 i.
372 3659 461 3811 ihgii.
475 3757 500 3810 2,
516 3755 556 3809 17.
601 3743 647 3797 De
668 3741 841 3813 Augmentis,
855 3740 893 3797 iii.
906 3757 924 3809 4
937 3742 982 3811 (E.
995 3741 1051 3795 and
1073 3741 1110 3806 S.‚
1124 3743 1177 3796 vol.
1191 3742 1208 3797 i.
1222 3761 1267 3813 pp.
1281 3743 1351 3814 564-

235 3905 258 3939 ’⁰
276 3909 329 3964 See
343 3907 359 3963 i.
375 3923 434 3977 109.

235 3989 256 4022 '¹
276 3993 330 4047 See
342 4001 408 4048 note
420 4010 458 4048 on
471 3992 528 4052 this
540 3993 617 4048 word
629 4003 657 4048 at
671 3994 718 4049 the
730 3993 786 4050 end
798 3994 830 4048 ol
840 3992 857 4048 i.
872 4007 931 4062 109.

236 4073 257 4106 ²²
276 4077 328 4146 Cp.
338 4075 365 4131 ii.
376 4092 391 4145 3
402 4078 439 4131 ad
448 4077 508 4132 lin:
529 4077 581 4132 ‘At
594 4076 640 4148 qui
654 4077 757 4132 formas
769 4076 855 4146 novit,
870 4077 894 4133 is
905 4086 1023 4132 naturae
1035 4075 1169 4132 unitatem
1183 4076 1211 4130 in
1225 4077 1350 4134 materiis

200 4158 393 4215 dissimillimis
412 4159 622 4231 complectitur;
642 4159 736 4232 itaque
749 4178 820 4232 quae
833 4161 926 4216 adhuc
938 4161 1013 4215 facta
1025 4177 1081 4215 non
1101 4170 1172 4228 sunt,
1186 4161 1279 4231 qualia
1297 4179 1349 4217 nec

200 4253 316 4298 naturae
329 4243 541 4312 vicissitudines,
555 4261 645 4314 neque
658 4244 889 4315 experimentales
901 4243 1062 4313 industriae,
1076 4260 1166 4314 neque
1184 4259 1266 4299 casus
1280 4245 1348 4315 ipse,

200 4325 228 4381 in
246 4336 340 4382 actum
358 4343 482 4399 unquam
500 4327 702 4398 perduxissent,
721 4345 812 4398 neque
833 4328 1032 4398 cogitationem
1049 4328 1202 4382 humanam
1223 4328 1348 4384 subitura

199 4409 326 4478 fuissent,
345 4411 474 4481 detegere
493 4421 520 4466 et
540 4411 694 4482 producere
712 4421 814 4482 potest.
851 4413 944 4482 Quare
963 4429 997 4467 ex
1014 4412 1166 4466 formarum
1188 4411 1348 4467 inventione

199 4494 324 4566 sequitur
335 4495 538 4566 contemplatio
550 4513 623 4563 vera,
636 4506 664 4551 et
676 4495 802 4566 operatio
814 4494 920 4550 libera!
