3308 5152
296 377 356 458 158
564 384 838 439 VERULAMIUS
859 385 926 440 Slc
949 384 1074 439 COGIT
1072 385 1099 438 Α
1107 384 1181 439 VIT.

293 549 373 614 illud
397 571 498 613 unum
522 560 558 613 ut
585 571 636 613 res
662 549 704 612 de
727 550 855 632 integro
878 559 1022 613 tentetur
1046 548 1235 613 melioribus
1257 550 1438 632 praesidiis,

294 666 396 736 utque
415 654 474 718 fiat
496 654 708 719 scientiarum
732 663 765 716 et
788 655 909 716 artium
933 663 1033 735 atque
1055 653 1163 716 omnis
1186 653 1349 716 humanae
1360 655 1441 718 doc-

294 760 398 822 trinae
410 759 443 820 in
456 758 642 820 universum
660 756 867 830 Instauratio,
884 779 904 820 a
919 757 1040 820 debitis
1053 757 1199 822 excitata
1211 756 1443 821 fundamentis.

295 863 371 927 Hoc
393 883 472 925 vero
499 861 573 924 licet
597 881 753 944 aggressu
777 859 940 924 infinitum
964 861 1123 942 quiddam
1146 862 1249 926 videri
1276 863 1444 944 possitae

295 988 394 1049 supra
418 966 503 1028 vires
524 965 689 1041 mortales,
711 977 823 1028 tamen
846 964 934 1027 idem
956 974 1101 1028 tractatu
1124 986 1240 1029 sanum
1263 967 1443 1028 invenietur

295 1092 333 1136 ac
356 1071 513 1142 sobrium,
536 1068 642 1152 magis
664 1088 764 1149 quam
788 1089 827 1130 ea
850 1087 935 1149 quae
957 1068 1065 1132 adhuc
1086 1068 1276 1133 factasunt.
1322 1069 1445 1133 Exitus

296 1176 384 1238 enim
407 1174 504 1254 hujus
527 1173 573 1236 rei
606 1181 655 1235 est
678 1170 864 1235 nonnullus.
910 1170 949 1234 In
980 1173 1019 1234 iis
1046 1194 1125 1236 vero
1156 1193 1241 1254 quae
1267 1173 1337 1254 jam
1362 1173 1445 1236 fiunt

296 1280 380 1344 circa
404 1278 564 1353 scientias,
587 1285 636 1339 est
658 1275 785 1356 vertigo
812 1276 976 1356 quaedam
1002 1286 1036 1339 et
1067 1278 1206 1359 agitatio
1229 1288 1389 1360 perpetua
1411 1287 1444 1340 et

296 1383 444 1446 circulus.
491 1380 609 1462 Neque
625 1399 700 1442 eum
724 1378 808 1461 fugit
831 1389 956 1460 quanta
977 1380 1009 1442 in
1028 1379 1206 1444 solitudine
1221 1391 1369 1444 versetur
1383 1380 1445 1444 hoc

296 1487 571 1569 experimentum,
587 1495 620 1547 et
635 1503 735 1566 quam
752 1485 870 1546 durum
887 1491 920 1546 et
937 1484 1125 1548 incredibile
1144 1486 1187 1547 sit
1202 1486 1246 1548 ad
1263 1485 1445 1550 faciendam

297 1592 407 1654 fidem.
453 1587 684 1663 Nihilominus
700 1607 759 1651 nec
776 1607 844 1650 rem
866 1607 925 1651 nec
947 1587 1091 1670 seipsum
1112 1589 1331 1652 deserendum
1349 1599 1445 1671 puta-

297 1697 353 1772 vit,
374 1695 454 1776 quin
476 1695 565 1757 viam
588 1712 674 1774 quae
697 1713 762 1755 una
784 1691 949 1755 humanae
972 1692 1075 1755 menti
1099 1693 1210 1774 pervia
1233 1703 1283 1756 est
1301 1703 1444 1756 tentaret

297 1809 399 1880 atque
414 1797 518 1860 iniret.
565 1797 714 1859 Praestat
737 1796 824 1858 enim
843 1796 1039 1877 principium
1062 1796 1141 1859 dare
1160 1796 1204 1859 rei
1220 1817 1305 1878 quae
1319 1797 1445 1860 exitum

297 1902 419 1966 habere
441 1901 554 1984 possit,
578 1919 677 1982 quam
702 1900 733 1962 in
758 1900 796 1962 iis
820 1919 905 1980 quae
927 1901 1057 1962 exitum
1080 1899 1206 1963 nullum
1230 1900 1354 1964 habent
1373 1922 1445 1982 per-

297 2017 398 2090 petua
421 2004 630 2069 contentione
652 2013 685 2065 et
708 2003 818 2066 studio
840 2001 1005 2085 implicari.
1057 2003 1142 2067 Viae
1164 2014 1275 2067 autem
1298 2013 1445 2068 contem-

298 2110 441 2193 plativae
456 2109 516 2171 viis
534 2106 596 2170 illis
614 2106 729 2172 activis
749 2107 933 2171 decantatis
956 2109 1021 2170 sere
1040 2109 1239 2190 respondent
1250 2132 1257 2169 :
1268 2118 1317 2171 ·ut
1334 2108 1446 2184 altera,

298 2215 341 2277 ab
358 2214 451 2276 initio
467 2213 570 2276 ardua
591 2222 625 2275 et
644 2210 793 2287 difficilis,
814 2211 942 2274 desinat
965 2212 996 2274 in
1017 2222 1191 2294 apertum;
1213 2212 1325 2285 altera,
1341 2214 1448 2294 primo

300 2319 419 2382 intuitu
450 2315 606 2399 expedita
637 2325 670 2378 et
700 2314 863 2397 proclivis
893 2316 994 2380 ducat
1025 2316 1058 2377 in
1087 2315 1161 2379 avia
1185 2325 1218 2378 et
1245 2317 1446 2398 praecipitia.

299 2423 412 2506 Quum
446 2431 556 2484 autem
596 2420 736 2482 incertus
772 2428 858 2481 esset
893 2420 1027 2500 quando
1060 2419 1141 2482 haec
1176 2419 1274 2482 alicui
1308 2419 1446 2502 posthac

299 2528 331 2589 in
362 2535 506 2589 mentem
537 2533 675 2587 ventura
705 2523 789 2596 sint3
821 2542 862 2586 eo
893 2523 1102 2604 potissimum
1133 2542 1211 2586 usus
1241 2533 1448 2604 argumento,

298 2631 387 2713 quod
415 2629 580 2692 neminem
607 2627 766 2691 hactenus
790 2626 911 2689 invenit
936 2627 992 2707 qui
1017 2628 1060 2690 ad
1087 2625 1209 2689 similes
1232 2628 1449 2709 cogitationes

299 2735 445 2798 animum
472 2730 688 2813 applicuerit3
721 2731 867 2793 decrevit
889 2731 996 2812 prima
1016 2749 1166 2812 quaeque
1185 2752 1270 2813 quae
1294 2730 1448 2814 perficere

299 2838 390 2901 licuit
421 2837 453 2898 in
492 2833 661 2917 publicum
696 2835 802 2896 edere.
860 2833 981 2914 Neque
1022 2833 1102 2897 haec
1139 2833 1305 2898 festinatio
1341 2836 1449 2899 ambi-

299 2942 385 3004 tiosa
416 2939 485 3010 luit,
515 2938 573 3000 sed
603 2937 762 3013 sollicita;
798 2947 844 3012 ut,
876 2938 902 2999 si
935 2937 1014 3018 quid
1049 2936 1096 2999 illi
1133 2937 1324 3001 humanitus
1363 2940 1448 3003 acci-

300 3045 403 3120 deret,
425 3051 557 3105 extaret
587 3051 698 3104 tamen
729 3040 915 3120 designatio
944 3042 1109 3122 quaedam
1137 3061 1175 3104 ac
1206 3042 1382 3104 destinatio
1405 3043 1449 3104 rei

301 3167 401 3229 quam
417 3147 528 3209 animo
548 3142 742 3225 complexus
760 3154 809 3206 est
824 3168 832 3220 ;
856 3155 958 3225 utque
979 3154 1108 3208 extaret
1131 3142 1228 3208 simul
1244 3147 1374 3228 signum
1391 3145 1449 3209 ali-

344 3251 434 3331 quod
450 3248 607 3312 honestae
623 3268 702 3310 suae
717 3257 750 3310 et
770 3267 952 3330 propensae
971 3249 1004 3310 in
1022 3249 1151 3331 generis
1167 3248 1302 3312 humani
1319 3270 1408 3312 com-

389 3353 489 3416 moda
519 3351 706 3414 voluntatis
768 3349 867 3413 Certe
897 3351 996 3414 aliam
1033 3371 1262 3435 quamcunque
1292 3374 1363 3416 arn·

432 3455 591 3517 bitionem
622 3451 807 3516 inferiorem
834 3455 932 3516 duxit
964 3475 998 3516 re
1024 3475 1125 3536 quam
1148 3477 1227 3538 prae
1251 3477 1320 3520 ma·

476 3558 571 3621 nibus
593 3557 718 3620 habuit.
778 3555 850 3620 Aut
883 3559 971 3621 enim
997 3557 1060 3622 hoc
1090 3560 1180 3640 quod
1209 3561 1278 3643 agi-

519 3672 572 3723 tur
602 3657 683 3722 nihil
718 3670 777 3736 est,
811 3670 870 3724 aut
912 3672 1051 3738 tantum,
1089 3672 1126 3726 ut
1165 3683 1234 3726 me·

564 3763 626 3827 rito
676 3764 747 3844 ipso
790 3774 981 3828 contentum
1024 3785 1095 3828 esse
1136 3768 1192 3830 de-

571 3912 573 3916 ·
643 3865 720 3931 beat
763 3886 822 3930 nec
866 3867 1008 3932 fructum
1053 3890 1111 3932 ex-

757 3981 808 4034 tra
830 3992 996 4054 quaerere.
