3342 5152
285 383 349 468 380
656 393 810 448 NOVUM
831 390 1048 448 ORGANUM.

284 557 447 638 externa),
462 565 534 621 turn
551 555 583 621 in
599 557 825 623 accidentibus
840 577 963 632 eorum,
980 567 1017 620 ut
1033 556 1065 619 in
1084 553 1320 620 exercitatione
1334 555 1435 620 vehe⁴

286 663 389 726 menti
405 672 438 726 et
454 661 610 726 febribus.

310 781 456 833 ann-noys
485 851 487 856 ,
505 765 595 829 Huic
618 765 793 831 instantiae
810 764 868 828 vix
889 763 1100 848 subjungitur
1121 765 1284 845 negativa.
1330 763 1434 846 Quin·

286 870 388 932 etiam
412 881 624 935 excrementa
647 869 837 934 animalium
862 889 928 933 non
951 869 1095 933 recentia
1118 867 1292 932 manifeste
1309 867 1435 930 habent

286 973 428 1038 calorem
444 974 670 1059 potentialem,
688 984 725 1037 ut
741 977 883 1039 cernitur
898 973 931 1036 in
948 972 1207 1056 impinguatione
1222 969 1292 1036 soli.

307 1091 546 1145 new-unum
591 1077 751 1162 Liquores
773 1079 854 1160 (sive
875 1097 981 1160 aquae
1003 1086 1161 1141 vocentur
1182 1077 1251 1140 sive
1271 1075 1357 1156 olea)
1378 1073 1434 1156 qui

286 1179 411 1245 habent
432 1201 586 1263 magnam
614 1192 648 1247 et
675 1183 835 1246 intensam
861 1181 1074 1246 acrimoniam
1103 1189 1313 1263 exequuntur
1335 1199 1436 1262 opera

287 1284 404 1347 caloris
421 1285 454 1348 in
470 1286 656 1350 divulsione
676 1307 859 1368 corporum,
879 1295 981 1368 atque
998 1285 1172 1348 adustione
1194 1294 1272 1367 post
1291 1283 1434 1366 aliquam

289 1408 438 1466 moram3
461 1390 520 1452 sed
536 1399 649 1454 tamen
667 1391 710 1454 ad
734 1392 840 1472 ipsum
864 1399 991 1454 tactum
1015 1409 1132 1452 manus
1154 1408 1218 1451 non
1241 1397 1320 1451 sunt
1339 1385 1437 1452 calidi

288 1495 331 1558 ab
348 1495 451 1557 initio.
497 1494 687 1578 Operantur
701 1505 814 1558 autem
839 1494 1019 1558 secundum
1038 1490 1262 1574 analogiam²²
1284 1502 1316 1556 et
1338 1512 1436 1574 poros

289 1599 434 1682 corporis
463 1599 516 1663 cui
546 1599 781 1682 adjunguntur.
834 1597 936 1681 Aqua
965 1598 1051 1662 enim
1083 1597 1167 1678 regis
1190 1616 1306 1659 aurum
1329 1594 1436 1667 solvit,

288 1714 461 1784 argentum
493 1703 646 1786 minime3
678 1712 713 1767 at
744 1713 859 1766 contra
889 1723 976 1784 aqua
1005 1701 1098 1764 fortis
1128 1711 1300 1784 argentum
1330 1699 1437 1778 solvit,

289 1827 406 1870 aurum
434 1807 586 1884 minime3
621 1817 774 1872 neutrum
801 1817 914 1871 autern
942 1805 1039 1869 solvit
1068 1807 1200 1869 vitrum.
1244 1805 1290 1867 Et
1319 1805 1365 1869 sic
1395 1806 1437 1869 de

289 1911 437 1975 caeteris.

314 2029 349 2070 Ad
359 2037 462 2082 nmo·-
506 2014 582 2080 Fiat
597 2017 863 2100 experimentum
882 2015 1016 2096 spiritus
1031 2012 1097 2078 vini
1114 2015 1146 2077 in
1162 2013 1268 2096 lignis.
1283 2033 1322 2077 ac
1337 2013 1437 2076 etiam

291 2119 324 2182 in
346 2119 470 2198 butyro
493 2129 551 2183 aut
574 2140 648 2183 cera
670 2131 728 2184 aut
752 2121 846 2203 pice3
876 2119 904 2183 si
926 2120 1011 2184 forte
1034 2139 1093 2202 per
1114 2117 1257 2182 calorem
1281 2138 1376 2181 suum
1399 2137 1438 2181 ea

290 2223 496 2304 aliquatenus
512 2223 700 2306 liquefaciat
711 2223 747 2289 ²³.
793 2225 926 2288 Etenim
944 2224 1098 2287 instantia
1116 2230 1171 2299 24⁸
1185 2223 1329 2286 ostendit
1345 2232 1438 2304 pote-

291 2338 410 2390 statem
440 2327 511 2408 ejus
542 2327 740 2392 imitativam
770 2329 896 2392 caloris.
919 2327 951 2390 in
979 2327 1276 2391 incrustationibus.
1322 2325 1440 2409 Itaque

291 2429 349 2495 fiat
373 2432 524 2496 similiter
548 2433 813 2516 experimentum
839 2433 872 2496 in
899 2431 1195 2514 liquefactionibus.
1241 2430 1316 2494 Fiat
1339 2430 1438 2494 etiam

291 2536 558 2617 experimentum
577 2558 636 2619 per
652 2538 774 2601 vitrum
795 2536 958 2620 graduum
982 2537 1050 2599 sive
1071 2535 1244 2600 calendare
1259 2535 1348 2618 quod
1364 2553 1440 2598 con·

291 2659 408 2702 cavum
429 2640 471 2702 sit
500 2639 532 2702 in
557 2643 748 2706 summitate
772 2663 831 2706 sua
857 2662 915 2724 per
942 2641 1105 2716 exterius;
1131 2650 1164 2704 et
1188 2639 1387 2702 immittatur
1408 2637 1439 2700 in

291 2741 371 2807 illud
394 2764 573 2807 concavum
598 2746 744 2809 exterius
766 2745 902 2828 spiritus
932 2745 998 2809 vini
1029 2745 1113 2808 bene
1137 2744 1342 2818 rectificatus,
1365 2761 1440 2806 cum

291 2847 455 2930 operculo,
467 2857 503 2911 ut
520 2848 635 2911 melius
651 2849 816 2913 contineat
835 2848 977 2914 calorem
996 2869 1110 2925 suum3
1137 2859 1171 2912 et
1187 2859 1321 2912 notetur
1332 2856 1440 2910 utrum

291 2971 349 3033 per
364 2949 507 3016 calorem
522 2972 618 3015 suum
634 2952 732 3017 faciat
751 2973 871 3035 aquam
888 2953 1085 3017 descendere
1096 2949 1138 3017 ²⁴.

316 3069 351 3111 Ad
361 3076 465 3120 πφψ-
508 3055 681 3135 Aromata,
698 3067 730 3120 et
745 3057 868 3121 herbae
883 3077 973 3121 acres
989 3059 1031 3120 ad
1048 3056 1207 3140 palatum,
1220 3054 1325 3120 multo
1337 3055 1442 3138 magis

292 3167 446 3240 sumptae
470 3159 613 3236 interius,
643 3161 867 3243 percipiuntur
896 3161 1012 3225 calida.
1056 3161 1249 3226 Videndum
1274 3159 1386 3243 itaque
1410 3159 1442 3221 in

293 3261 411 3343 quibus
434 3261 506 3326 aliis
528 3265 673 3328 materiis
698 3275 906 3347 exequantur
928 3287 1030 3348 opera
1053 3264 1178 3329 caloris
1224 3262 1340 3346 Atque
1362 3262 1413 3326 ref
1430 3297 1443 3311 ·

293 3374 370 3427 runt
389 3377 517 3444 nautae,
538 3387 613 3430 cum
637 3366 757 3431 cumuli
780 3377 813 3431 et
837 3388 965 3431 massae
991 3377 1174 3432 aromatum
1195 3368 1252 3430 diu
1271 3366 1444 3431 conclusae

294 3469 405 3532 subito
416 3471 614 3552 aperiuntur,
629 3473 810 3554 periculum
828 3473 948 3538 instare
966 3473 1037 3551 illis,
1054 3473 1109 3554 qui
1126 3493 1181 3536 eas
1198 3473 1305 3555 primo
1317 3472 1444 3554 agitant

293 3583 327 3636 et
346 3574 534 3649 extrahunt,
555 3597 574 3638 a
600 3576 745 3641 febribus
770 3589 802 3641 et
824 3576 1138 3642 inflammationibus
1159 3577 1302 3659 spiritus.
1348 3575 1444 3640 Simi-

329 3760 351 3792 n
371 3763 395 3816 lt
409 3762 432 3815 is
445 3771 493 3816 not
506 3780 574 3832 easy
586 3773 616 3818 to
629 3781 675 3819 see
688 3765 734 3819 the
747 3776 826 3820 exact
839 3765 972 3834 meaning
985 3765 1016 3820 of
1025 3764 1081 3819 this
1093 3763 1255 3833 expression
1267 3764 1343 3817 here.
1369 3764 1446 3817 Does

296 3845 316 3898 it
330 3861 412 3898 mean
425 3847 544 3915 vaguely
557 3848 722 3917 ‘according
732 3867 763 3902 as
773 3849 839 3918 they
848 3867 896 3905 are
909 3850 1014 3904 related
1024 3859 1053 3902 to
1064 3850 1111 3902 the
1121 3847 1229 3918 objects
1239 3857 1268 3901 to
1279 3846 1368 3900 which
1379 3846 1445 3915 they

296 3945 343 3982 are
356 3928 468 3999 applied
477 3929 504 3983 ¹?

331 4009 353 4042 ²³
372 4012 489 4082 ‘Spirits
502 4012 533 4067 of
543 4013 614 4068 wine
627 4014 680 4068 will
693 4015 816 4071 dissolve
829 4034 888 4070 wax
901 4016 957 4070 and
970 4015 1056 4087 pitch,
1069 4013 1119 4070 but
1135 4025 1184 4069 not
1198 4012 1277 4068 wood
1294 4032 1326 4068 or
1337 4011 1445 4068 butten’

298 4096 346 4149 Dr.
362 4096 501 4152 Kitchin's
513 4108 587 4153 note.

332 4177 354 4208 ²⁵
373 4180 434 4234 The
447 4191 544 4236 nature
557 4182 588 4236 of
597 4180 652 4236 this
665 4181 836 4252 experiment
850 4182 904 4236 will
917 4183 953 4238 be
965 4183 1049 4238 made
1062 4184 1137 4237 clear
1153 4183 1191 4251 by
1203 4179 1361 4248 consulting
1379 4180 1446 4233 lnst,

299 4265 332 4331 38
345 4263 377 4317 of
386 4263 434 4318 the
447 4273 511 4318 next
524 4265 684 4334 Aphorism
716 4266 777 4319 The
791 4275 875 4320 water
889 4265 941 4319 will
954 4266 1078 4321 descend
1091 4266 1182 4334 owing
1194 4275 1222 4319 to
1235 4265 1283 4320 the
1295 4262 1446 4334 expansion

298 4347 330 4399 of
339 4347 386 4401 the
399 4347 492 4417 spirits
506 4349 538 4401 of
547 4347 627 4404 wine.
662 4349 724 4403 The
743 4349 932 4419 employment
951 4349 983 4403 of
999 4348 1100 4419 Spirits
1119 4350 1150 4404 of
1165 4349 1248 4402 Wine
1267 4347 1296 4401 in
1314 4347 1361 4402 the
1380 4363 1447 4401 con-

299 4431 432 4485 struction
445 4431 476 4486 of
485 4433 698 4488 thermometers
712 4449 768 4486 was
785 4431 977 4487 intermediate
994 4433 1118 4488 between
1136 4433 1197 4486 that
1214 4432 1246 4485 of
1259 4431 1300 4486 air
1315 4429 1371 4485 and
1387 4431 1447 4485 that

297 4513 328 4566 of
338 4531 473 4584 mercury.
