3280 5238
671 433 751 493 ΜΒ.
774 435 816 491 II.
840 441 891 514 37.
1290 431 1355 511 489

206 601 312 666 tiones
335 601 377 664 ad
401 600 534 678 distans.
579 597 681 665 Actio
704 600 865 684 siquidem
887 598 1074 683 hujusmodi
1096 612 1128 668 et
1151 602 1356 687 intempore

131 698 136 706 ’
207 706 252 784 fit,
279 725 338 788 per
368 715 538 769 momenta
568 723 634 768 non
666 705 698 768 in
725 715 849 790 puncto
875 707 1042 790 temporis,
1069 707 1159 771 etin
1187 707 1270 785 loco,
1297 727 1356 790 per

206 811 327 892 gradus
352 820 384 873 et
411 809 526 891 spatia.
573 810 635 874 Est
660 809 772 893 itaque
797 809 931 892 aliquod
956 819 1162 875 momentum
1186 812 1355 895 temporis,

207 923 241 978 et
264 912 399 996 aliquod
427 911 634 977 intervallum
662 912 735 991 loci,
757 914 790 978 in
813 914 934 998 quibus
960 915 1023 979 ista
1048 914 1150 980 virtus
1176 916 1244 980 sive
1269 917 1356 979 actio

206 1018 320 1081 haeret
342 1017 375 1080 in
403 1017 514 1082 medio
544 1017 720 1082 interduo
751 1018 806 1082 illa
832 1038 970 1103 corpora
994 1039 1080 1102 quae
1106 1029 1235 1083 motum
1259 1021 1356 1083 cient.

208 1121 391 1186 Reducitur
417 1122 529 1203 itaque
558 1119 794 1204 contemplatio
819 1122 862 1186 ad
890 1122 970 1197 hoc3
1001 1133 1111 1186 utrum
1137 1121 1191 1186 illa
1217 1142 1357 1205 corpora

207 1241 291 1308 quae
307 1233 383 1288 sunt
399 1225 529 1288 termini
546 1234 656 1288 motus
671 1225 848 1308 disponant
864 1224 915 1288 vel
930 1224 1069 1290 atterent
1085 1245 1221 1308 corpora
1238 1226 1356 1302 media,

207 1339 243 1394 ut
259 1350 318 1413 per
332 1329 568 1394 successionem
591 1339 624 1394 et
643 1339 769 1394 tactum
784 1350 897 1394 verum
915 1329 1046 1394 labatur
1060 1330 1162 1394 virtus
1179 1351 1200 1394 a
1216 1331 1357 1394 termino

206 1434 248 1497 ad
264 1433 449 1507 terminum,
466 1442 500 1497 et
516 1433 645 1497 interim
661 1433 818 1498 subsistat
833 1434 865 1498 in
881 1453 1017 1516 corpore
1032 1434 1159 1512 medi03
1179 1455 1221 1498 an
1237 1433 1355 1498 horum

208 1537 288 1601 nihil
315 1537 366 1614 sit,
390 1547 520 1620 praeter
546 1557 683 1620 corpora
714 1548 748 1602 et
770 1538 927 1601 virtutem
954 1546 988 1602 et
1014 1538 1144 1621 spatia?
1184 1537 1300 1620 Atque
1325 1539 1356 1601 in

208 1641 307 1704 radiis
326 1641 444 1724 opticis
464 1650 500 1705 et
518 1641 607 1704 sonis
629 1651 663 1705 et
685 1641 794 1707 calore
813 1651 847 1706 et
867 1641 939 1704 aliis
962 1640 1125 1705 nonnullis
1145 1642 1357 1724 operantibus

208 1746 250 1809 ad
268 1746 404 1821 distans,
421 1744 591 1828 probabile
612 1755 664 1810 est
682 1746 791 1809 media
812 1764 951 1829 corpora
967 1745 1098 1828 disponi
1120 1755 1153 1809 et
1173 1745 1301 1810 alterari
1311 1743 1357 1808 ³²:

209 1869 249 1912 eo
275 1849 390 1930 magis,
412 1848 503 1931 quod
526 1849 709 1930 requiratur
732 1849 877 1913 medium
899 1849 1122 1932 qualificatum
1144 1850 1187 1913 ad
1210 1847 1357 1913 deferen-

208 1955 285 2016 dam
302 1952 527 2036 operationem
543 1953 654 2017 talem.
698 1953 747 2016 At
764 1955 947 2036 magnetica
964 1951 1019 2017 illa
1036 1954 1104 2016 sive
1120 1954 1240 2017 coitiva
1255 1954 1358 2016 virtus

208 2058 354 2121 admittit
379 2058 487 2121 media
513 2066 670 2140 tanquam
696 2058 884 2142 adiaphora‚
910 2079 969 2123 nec
994 2058 1173 2142 impeditur
1195 2059 1297 2122 virtus
1326 2059 1358 2121 in

208 2163 387 2244 omnigeno
418 2161 537 2225 medio.
591 2160 692 2243 Quod
724 2163 751 2225 si
782 2162 826 2224 nil
858 2163 902 2226 rei
935 2163 1055 2226 habeat
1080 2162 1184 2226 virtus
1215 2161 1270 2225 illa
1300 2173 1358 2224 aut

208 2267 296 2330 actio
323 2285 397 2329 curn
422 2285 559 2348 corpore
582 2265 700 2344 medio,
721 2267 869 2349 sequitur
891 2267 981 2348 quod
1003 2267 1047 2330 sit
1066 2267 1170 2330 virtus
1191 2276 1248 2330 aut
1271 2267 1358 2330 actio

209 2369 365 2434 naturalis
383 2369 426 2433 ad
442 2378 574 2452 tempus
594 2369 789 2433 nonnullum
811 2380 845 2435 et
864 2371 897 2434 in
916 2369 989 2435 loco
1004 2369 1161 2454 nonnullo
1176 2371 1359 2434 subsistens

209 2475 279 2538 sine
302 2493 454 2556 corpore;
483 2493 557 2538 curn
581 2493 688 2556 neque
711 2474 868 2539 subsistat
892 2475 924 2538 in
946 2475 1136 2558 corporibus
1154 2474 1359 2537 terminanti-

210 2579 281 2653 bus,
305 2578 420 2641 necin
443 2577 570 2642 mediis.
615 2577 725 2660 Quare
748 2579 1047 2662 actiomagnetica
1069 2579 1190 2661 poterit
1213 2598 1284 2642 esse
1308 2579 1358 2641 in·

200 2683 334 2749 ‚stantia
356 2682 496 2746 diuortii
517 2683 602 2747 circa
628 2692 778 2746 naturam
803 2704 995 2767 corpoream
1022 2692 1055 2747 et
1077 2683 1241 2748 actionem
1265 2691 1359 2744 natu·

210 2786 322 2851 ralem.
368 2785 430 2851 Cui
447 2785 510 2850 hoc
525 2784 622 2868 adjici
638 2796 748 2869 potest
764 2797 921 2869 tanquam
937 2787 1143 2852 corollarium
1160 2797 1216 2850 aut
1233 2787 1358 2849 lucrum

210 2911 274 2955 non
302 2891 650 2974 praetermittendumr
680 2890 742 2954 viz.
766 2892 856 2974 quod
886 2893 985 2955 etiarn
1016 2891 1196 2955 secundum
1227 2909 1359 2954 sensum

211 2991 492 3079 philosophanti8³
511 2995 596 3059 sumi
619 2995 724 3077 possit
739 2996 891 3078 probatio
913 2997 1003 3078 quod
1024 2996 1090 3060 sint
1116 2995 1204 3059 entia
1227 3003 1261 3058 et
1282 2994 1360 3056 sub·

210 3100 351 3164 stantiae
372 3107 543 3182 separatae
565 3109 598 3162 et
621 3099 875 3182 incorporeae³⁴.
924 3099 959 3165 Si
983 3099 1068 3164 enirn
1091 3099 1194 3162 virtus
1216 3109 1250 3161 et
1272 3097 1360 3161 actio

211 3341 249 3409 hy
263 3340 447 3394 Wheatstone
467 3338 523 3393 and
542 3338 645 3394 others.
684 3340 739 3394 See
762 3339 880 3396 Ganot’s
902 3339 1026 3409 Physics‚
1042 3340 1106 3394 12th
1122 3337 1177 3394 Ed.
1199 3338 1231 3392 ol
1242 3339 1361 3403 Transi,

212 3428 225 3492 t
238 3425 298 3492 796.

246 3507 267 3537 ³²
287 3509 381 3561 Bacon
394 3505 488 3575 ought,
502 3505 631 3578 perhaps,
643 3515 672 3561 to
684 3505 757 3561 have
769 3523 847 3562 some
859 3505 947 3561 credit
959 3506 1002 3561 sor
1020 3505 1127 3576 having
1144 3523 1176 3562 so
1190 3505 1232 3560 iar
1248 3502 1361 3558 divined

212 3595 259 3650 the
272 3594 430 3650 conditions
443 3593 474 3648 oi
483 3593 530 3649 the
542 3593 636 3648 action
649 3593 680 3648 oi
689 3595 764 3663 heat,
776 3594 853 3664 light,
867 3595 923 3649 and
937 3595 1036 3650 sound.

247 3679 269 3713 ³⁸
286 3683 360 3737 That
380 3681 412 3749 is,
432 3698 502 3737 even
520 3691 549 3736 to
568 3682 616 3736 the
635 3683 753 3736 Natural
773 3681 965 3752 Philosopher.
1013 3683 1075 3737 The
1099 3698 1177 3736 same
1201 3679 1362 3750 expression

213 3787 318 3837 occurs,
336 3770 393 3824 and
414 3771 425 3823 1
445 3768 526 3824 think
545 3769 574 3825 in
592 3770 639 3825 the
658 3787 735 3826 same
755 3787 844 3837 sense,
864 3771 891 3824 in
912 3771 956 3825 De
975 3771 1077 3840 Augm.
1096 3769 1132 3824 iv.
1150 3783 1167 3838 3
1186 3769 1223 3822 ad
1242 3768 1301 3823 init.
1316 3769 1362 3836 (E.

211 3859 268 3913 and
281 3858 319 3924 S.,
332 3859 385 3912 vol
399 3856 414 3910 i.
428 3873 455 3926 p.
468 3857 542 3926 603).

248 3943 269 3976 θ’
289 3947 350 4001 The
362 3945 511 4014 reasoning
523 3947 561 4014 by
573 3945 663 4000 which
676 3947 772 4002 Bacon
785 3945 889 4001 arrives
902 3956 932 4001 at
949 3945 1006 4001 this
1025 3944 1185 4000 conclusion
1202 3943 1235 4010 is,
1250 3943 1270 3998 it
1289 3953 1362 3998 must

213 4035 248 4088 he
267 4033 424 4098 contessed,
438 4032 470 4087 oi
483 4050 501 4087 a
513 4050 580 4102 very
591 4033 703 4088 ianciful
723 4035 875 4100 character,
888 4033 955 4101 and,
969 4034 996 4088 in
1014 4033 1080 4099 fact,
1093 4032 1141 4088 the
1154 4033 1242 4086 whole
1260 4031 1292 4086 oi
1307 4032 1363 4086 this

213 4121 370 4177 discussion
384 4121 408 4175 is
420 4121 536 4175 marked
548 4121 635 4190 hyan
647 4139 744 4177 excess
756 4121 788 4176 oi
798 4121 919 4192 subtlety
932 4121 997 4176 with
1011 4121 1101 4176 which
1116 4137 1156 4174 we
1170 4120 1207 4174 do
1222 4129 1270 4174 not
1286 4119 1362 4174 often

214 4215 288 4260 meet
302 4205 330 4260 in
344 4206 463 4260 Bacon's
474 4203 606 4274 writings.
644 4207 686 4260 ns
698 4215 727 4260 to
736 4205 784 4260 the
794 4205 955 4260 conclusion
966 4204 1048 4271 itseli,
1059 4205 1079 4258 it
1090 4203 1114 4258 is
1124 4204 1154 4258 oi
1160 4220 1238 4257 some
1248 4201 1363 4272 import-

213 4305 283 4344 ance
296 4306 328 4344 as
341 4289 457 4358 bearing
468 4306 503 4343 on
518 4288 566 4343 the
578 4291 705 4357 quaestio
717 4295 820 4342 uexata
833 4288 865 4342 of
875 4288 994 4343 Bacon's
1007 4286 1172 4356 theological
1185 4286 1277 4340 views
1313 4286 1363 4354 Cp.

216 4373 333 4428 Locke’s
346 4373 446 4441 Essay,
460 4372 507 4426 bk.
520 4371 557 4426 iv.
569 4374 613 4427 ch.
629 4387 668 4426 10.
683 4369 696 4442 ξ
714 4386 762 4440 19:
773 4399 778 4410 ·
789 4372 859 4426 ‘We
880 4381 984 4426 cannot
1003 4369 1135 4425 conceive
1154 4370 1216 4423 hov
1229 4368 1365 4438 anything

215 4456 264 4511 but
279 4457 401 4527 Impulse
415 4456 447 4510 ol
456 4457 535 4524 Body
549 4472 601 4510 can
615 4473 696 4510 move
709 4456 800 4525 body3
825 4455 882 4510 and
895 4465 942 4524 yet
955 4456 1016 4509 that
1029 4454 1053 4508 is
1066 4462 1115 4507 not
1134 4471 1152 4507 a
1170 4469 1270 4507 reason
1290 4451 1362 4507 suffi-

215 4539 289 4595 cient
302 4548 332 4595 to
345 4541 428 4594 make
440 4557 473 4594 us
486 4539 561 4608 deny
570 4538 590 4593 it
604 4539 736 4610 possible,
746 4539 856 4608 against
870 4539 918 4594 the
930 4546 1059 4594 constant
1068 4535 1232 4608 experience
1243 4552 1283 4590 we
1293 4537 1364 4589 have
