3344 5152
329 379 391 441 180
674 383 954 441 DISTRIBUTIO
978 385 1138 444 OPERIS.

370 551 478 617 Sexta
496 550 632 616 tandem
651 569 728 633 pars
743 548 853 633 operis
874 549 977 615 nostri
993 547 1058 636 (cui
1078 551 1223 635 reliquae
1243 552 1421 620 inserviunt
1439 576 1478 621 ac

325 653 527 740 ministrant)
550 675 624 720 eam
650 655 785 719 demum
813 655 953 720 recludit
979 665 1013 719 et
1039 657 1196 738 proponit
1223 657 1478 742 philosophiam,

323 781 410 843 quae
433 781 477 824 ex
500 758 689 842 hujusmodi
705 755 850 844 (qualem
868 768 948 823 ante
967 757 1141 824 docuimus
1159 769 1193 826 et
1214 761 1415 847 paravimus)
1431 765 1477 830 iu-

323 864 500 947 quisitione
519 863 666 946 legitima
687 871 720 926 et
740 872 831 927 casta
850 871 884 927 et
903 883 1016 927 severa
1036 863 1186 929 educitur
1203 875 1237 930 et
1255 867 1476 932 constituitur.

325 968 422 1034 Hanc
446 988 525 1032 vero
550 976 753 1050 postremam
779 976 908 1050 partem
935 966 1092 1050 perficere
1116 978 1150 1033 et
1175 969 1218 1034 ad
1245 971 1374 1034 exitum
1401 992 1476 1054 per-

324 1073 451 1150 ducere,
472 1092 522 1136 res
544 1081 595 1136 est
618 1080 651 1134 et
674 1090 774 1154 supra
793 1071 879 1134 vires
898 1079 932 1134 et
953 1070 1040 1135 ultra
1057 1093 1133 1155 spes
1152 1083 1282 1138 nostras
1304 1073 1476 1140 collocata.

324 1175 397 1241 Nos
420 1176 450 1241 ei
468 1174 560 1240 initia
575 1171 624 1260 (ut
639 1172 822 1259 speramus)
838 1194 905 1238 non
926 1176 1178 1252 contemnenda,
1198 1178 1326 1242 exitum
1347 1179 1476 1260 generis

322 1279 457 1345 humani
484 1279 615 1344 fortuna
640 1279 743 1353 dabit,
770 1279 903 1361 qualem
929 1278 1015 1344 forte
1041 1279 1192 1345 homines
1219 1280 1251 1344 in
1277 1280 1341 1345 hoc
1367 1302 1474 1349 rerum

325 1395 360 1450 et
375 1384 560 1450 animorum
576 1393 666 1448 statu
681 1382 771 1447 haud
783 1382 878 1447 facile
892 1383 1005 1448 animo
1016 1403 1134 1465 capere
1145 1394 1203 1450 aut
1219 1385 1326 1449 metiri
1342 1396 1474 1468 queant.

321 1489 442 1572 Neque
463 1490 550 1553 enim
578 1488 686 1572 agitur
708 1486 817 1552 solum
840 1486 1000 1552 foelicitas
1027 1488 1293 1571 contemplativa,
1317 1491 1376 1556 sed
1398 1511 1473 1554 vere

322 1613 375 1658 res
386 1591 551 1657 humanae
562 1601 596 1656 et
608 1591 767 1668 fortunae,
779 1599 880 1673 atque
891 1591 998 1654 omnis
1009 1611 1147 1674 operum
1158 1592 1317 1675 potentia.
1357 1592 1472 1658 Homo

320 1698 410 1766 enim
433 1705 569 1761 naturae
592 1695 740 1759 minister
762 1704 799 1759 et¹
817 1695 977 1778 interpres
1000 1705 1132 1760 tantum
1153 1695 1231 1761 facit
1254 1707 1286 1760 et
1309 1697 1472 1779 intelligit,

320 1811 481 1884 quantum
506 1802 548 1863 de
572 1809 709 1864 naturae
731 1799 854 1876 ordine,
879 1818 980 1882 opere
1005 1798 1059 1864 vel
1085 1809 1205 1875 mente,
1230 1800 1470 1867 observaverit:

320 1924 380 1970 nec
395 1903 537 1989 amplius
552 1904 622 1981 scit,
634 1912 692 1969 aut
707 1911 827 1986 potest.
866 1903 986 1984 Neque
1001 1904 1089 1967 enim
1105 1903 1193 1968 ullae
1203 1905 1289 1968 vires
1300 1925 1470 1969 causarum

320 2019 470 2076 catenam
490 2008 617 2073 solvere
638 2016 696 2072 aut
716 2006 918 2091 perfringere
938 2007 1085 2090 possint;
1108 2028 1217 2092 neque
1239 2019 1358 2073 natura
1375 2009 1471 2074 aliter

320 2134 420 2195 quam
450 2113 599 2196 parendo
628 2110 777 2175 vincitur.
824 2110 943 2193 Itaque
975 2111 1174 2178 intentiones
1204 2112 1356 2196 geminae
1386 2113 1469 2187 illae,

318 2215 483 2281 humanae
492 2216 617 2281 scilicet
628 2215 792 2280 Scientiae
801 2225 833 2278 et
842 2214 1022 2292 Potentiae,
1031 2235 1108 2279 vere
1119 2215 1150 2278 in
1162 2215 1249 2279 idem
1259 2216 1447 2283 coincidunt
1459 2243 1467 2294 ;

318 2330 352 2384 et
366 2321 534 2386 frustratio
548 2338 686 2403 operum
703 2319 850 2383 maxime
865 2317 903 2382 fit
918 2339 962 2382 ex
978 2319 1181 2401 ignoratione
1195 2340 1375 2384 causarum.

360 2425 477 2508 Atque
496 2425 531 2488 in
549 2445 591 2490 eo
607 2433 683 2488 sunt
703 2422 822 2500 omnia,
843 2422 946 2505 siquis
966 2422 1080 2489 oculos
1098 2423 1217 2487 mentis
1235 2445 1255 2490 a
1273 2424 1369 2488 rebus
1388 2424 1467 2509 ipsis

318 2549 487 2613 nunquam
512 2527 666 2610 dejiciens
692 2547 804 2591 earum
833 2527 993 2610 imagines
1022 2527 1119 2611 plane
1146 2538 1184 2593 ut
1209 2537 1286 2592 sunt
1313 2529 1466 2613 excipiat.

317 2632 436 2715 Neque
451 2633 538 2696 enim
554 2633 618 2698 hoc
633 2622 746 2696 siverit
762 2632 863 2708 Deus,
879 2639 916 2694 ut
936 2630 1129 2714 phantasiae
1150 2641 1281 2696 nostrae
1300 2634 1465 2697 somnium

316 2758 377 2820 pro
399 2736 584 2821 exemplari
604 2737 718 2800 mundi
738 2736 895 2800 edamus:
919 2735 976 2798 sed
997 2735 1108 2818 potius
1128 2735 1268 2820 benigne
1289 2737 1408 2815 faveat,
1429 2749 1464 2802 ut

315 2840 543 2925 apocalypsim
578 2861 617 2907 ac
645 2860 757 2904 veram
786 2839 945 2903 visionem
973 2839 1186 2924 vestigiorum
1217 2851 1250 2904 et
1282 2840 1464 2923 sigillorum

315 2945 469 3010 creatoris
484 2964 583 3028 super
597 2953 762 3008 creaturas
777 2944 968 3009 scribamus.

360 3049 478 3131 Itaque
500 3047 554 3113 Tu
582 3048 687 3125 Pater,
709 3048 766 3130 qui
793 3047 898 3113 lucem
921 3047 1084 3111 visibilem
1111 3047 1273 3130 primitias
1298 3059 1464 3113 creaturae

313 3152 445 3228 dedisti,
465 3163 500 3217 et
519 3150 626 3216 lucem
647 3151 900 3216 intellectualem
921 3149 964 3214 ad
985 3150 1153 3234 fastigium
1173 3172 1310 3235 operum
1331 3162 1462 3216 tuorum

314 3256 486 3322 infaciem
509 3254 651 3321 hominis
674 3255 856 3338 inspirasti3
879 3275 964 3340 opus
985 3254 1058 3330 hoc,
1081 3256 1171 3337 quod
1192 3277 1212 3320 a
1234 3265 1291 3319 tua
1313 3255 1463 3320 bonitate
1556 3289 1563 3300 ·

313 3361 497 3443 profectum
518 3371 611 3425 tuam
631 3359 771 3443 gloriam
787 3359 915 3443 repetit,
930 3369 1022 3424 tuere
1038 3369 1070 3423 et
1088 3380 1173 3442 rege.
1213 3359 1266 3423 Tu
1285 3371 1461 3443 postquam

313 3485 487 3530 conversus
515 3485 551 3530 es
581 3465 625 3530 ad
661 3465 875 3548 spectandum
912 3484 1014 3547 opera
1042 3482 1127 3546 quae
1164 3463 1308 3528 fecerunt
1345 3485 1462 3529 manus

311 3579 397 3646 tuae,
418 3569 531 3633 vidisti
553 3569 644 3650 quod
667 3569 778 3632 omnia
800 3579 908 3633 essent
936 3567 1024 3632 bona
1045 3568 1163 3643 valde;
1201 3577 1234 3631 et
1264 3569 1459 3650 requievisti.

312 3671 362 3737 At
391 3671 503 3746 homo,
529 3692 703 3736 conversus
733 3671 776 3736 ad
806 3692 907 3755 opera
936 3691 1022 3753 quae
1051 3672 1196 3736 fecerunt
1227 3692 1343 3737 manus
1372 3693 1460 3751 suae,

310 3777 395 3841 vidit
425 3776 516 3859 quod
546 3776 658 3841 omnia
690 3785 798 3839 essent
827 3775 955 3839 vanitas
985 3785 1018 3840 et
1046 3775 1181 3841 vexatio
1211 3776 1362 3860 spiritus3
1400 3798 1459 3843 nec

311 3879 378 3945 ullo
408 3880 509 3945 modo
539 3878 707 3962 requievit.
753 3877 865 3961 Quare
902 3879 929 3942 si
967 3878 1000 3942 in
1038 3880 1191 3962 operibus
1223 3881 1288 3944 tuis
1325 3881 1458 3946 sudabi-

311 4005 394 4063 mus,
412 3985 513 4049 facies
532 4004 593 4049 nos
611 3983 745 4048 visionis
767 3994 845 4048 tuae
865 3991 898 4046 et
918 3983 1048 4047 sabbati
1069 3985 1118 4046 tui
1140 3984 1325 4066 participes.
1371 3984 1458 4069 Sup-

375 4079 475 4173 plices
508 4089 662 4172 petimus,
693 4097 730 4151 ut
759 4085 839 4151 haec
870 4106 962 4150 mens
988 4086 1084 4150 nobis
1113 4098 1260 4166 constet;
1291 4098 1393 4171 utque

503 4191 597 4258 novis
615 4191 842 4272 eleemosynis,
863 4209 921 4278 per
942 4210 1057 4255 manus
1078 4201 1207 4256 nostras
1229 4201 1261 4255 et

574 4296 714 4362 aliorum
737 4295 858 4377 quibus
880 4297 1019 4359 eandem
1042 4305 1187 4360 mentem

643 4399 800 4483 largieris,
822 4398 980 4464 familiam
1003 4398 1119 4463 huma·

699 4522 776 4570 nam
798 4502 949 4570 dotatam
970 4503 1060 4567 velis.
1153 4558 1161 4575 ,
