3358 5152
304 383 366 448 288
684 389 839 446 NOVUM
861 388 1081 446 ORGANUM.

301 559 457 625 suerunt;
481 549 671 632 praesertim
694 547 727 610 in
746 547 978 634 philosophiae
999 547 1155 613 naturalis
1178 557 1272 630 parte
1294 547 1401 612 activa
1417 555 1451 614 et

302 649 517 737 operativa⁴³.
573 652 691 734 Neque
720 652 808 715 enim
838 651 1011 715 defuerunt
1041 652 1190 716 homines
1219 650 1387 734 vaniloqui
1418 662 1452 716 et

301 756 508 840 phantastici,
530 755 587 838 qui
610 757 729 839 partim
752 777 796 818 ex
819 755 1025 841 credulitate,
1049 757 1169 839 partim
1192 777 1236 819 ex
1260 758 1452 838 impostura,

302 881 405 944 genus
427 859 608 923 humanum
632 859 800 941 promissis
823 870 1020 924 onerarunt:
1048 860 1135 922 vitae
1158 859 1454 943 prolongationem,

302 965 478 1028 senectutis
516 965 780 1040 retardationem,
820 963 972 1028 dolorum
1010 963 1219 1036 levationem,
1255 965 1453 1029 naturalium

301 1068 488 1132 defectuum
527 1067 777 1151 reparationem,
814 1088 967 1131 sensuum
1012 1068 1236 1151 deceptiones,
1273 1068 1452 1132 affectuum

301 1171 476 1255 ligationes
501 1181 534 1235 et
562 1171 1073 1246 incitationes,intellectualium
1105 1171 1299 1236 facultatum
1331 1173 1453 1235 illumi·

301 1277 451 1339 nationes
481 1285 515 1338 et
545 1274 777 1352 exaltationes,
804 1276 1062 1339 substantiarum
1093 1276 1393 1351 transmutationes,
1420 1287 1454 1340 et

302 1390 453 1444 motuum
484 1381 526 1442 ad
558 1379 687 1444 libitum
719 1380 945 1443 roborationes
975 1391 1009 1444 et
1040 1380 1340 1463 multiplicationes
1370 1381 1453 1445 ae'ris

302 1484 532 1568 impressiones
554 1493 587 1546 et
609 1483 830 1559 alterationes
846 1483 1039 1548 coelestium
1064 1483 1308 1548 influentiarum
1332 1485 1453 1548 deduc·

286 1590 407 1653 »tiones
431 1598 465 1652 et
487 1589 741 1670 procurationes,
757 1609 864 1651 rerum
887 1588 1071 1651 suturarum
1094 1589 1325 1666 divinationes,
1344 1609 1452 1652 remo-

300 1703 408 1758 tarum
425 1693 750 1776 repraesentationes,
766 1693 968 1757 occultarum
993 1693 1218 1766 revelationes,
1234 1702 1267 1756 et
1282 1692 1346 1755 alia
1362 1712 1451 1756 eom-

300 1798 394 1882 plura
415 1797 628 1881 pollicitando
644 1808 678 1861 et
698 1798 904 1861 ostentando.
951 1797 1076 1860 Verum
1092 1798 1134 1861 de
1151 1797 1222 1860 istis
1242 1795 1452 1878 largitoribus

300 1923 365 1966 non
388 1902 528 1965 multum
552 1901 759 1974 aberraverit,
776 1903 832 1983 qui
855 1901 1040 1966 istiusmodi
1060 1901 1221 1982 judicium
1245 1901 1365 1976 lecerit,
1379 1909 1452 1963 tan-

300 2019 371 2072 tum
389 2007 542 2070 nimirum
554 2007 585 2068 in
596 2005 752 2070 doctrinis
769 2004 999 2090 philosophiae
1011 2007 1097 2068 inter
1107 2004 1226 2068 horum
1242 2005 1406 2069 vanitates
1418 2015 1452 2070 et

298 2133 391 2175 veras
407 2121 494 2174 artes
517 2111 680 2185 interesse,
696 2120 859 2191 quantum
882 2110 967 2172 inter
989 2130 1041 2173 res
1063 2119 1174 2192 gestas
1197 2109 1275 2190 Julii
1293 2109 1450 2185 Caesaris,

299 2226 357 2280 aut
383 2214 568 2278 Alexandri
596 2214 721 2296 Magni,
748 2224 781 2277 ct
811 2235 863 2277 res
893 2223 1002 2295 gestas
1029 2213 1197 2278 AmadIcii
1224 2235 1267 2276 ex
1296 2212 1404 2276 Gallia
1416 2213 1451 2288 ⁴⁹,

299 2329 356 2383 aut
371 2318 510 2382 Arthuri
534 2339 578 2381 ex
602 2317 779 2394 Britannia,
803 2319 835 2380 ln
861 2317 1018 2383 historiae
1045 2319 1287 2383 narrationibus
1313 2318 1450 2381 intersit.

300 2425 513 2488 Inveniuntur
540 2423 627 2486 enlm
658 2422 827 2486 clarissimi
856 2423 902 2486 illi
933 2425 1148 2507 imperatores
1179 2443 1293 2485 revera
1324 2421 1449 2503 majora

297 2527 442 2609 gessisse,
459 2547 558 2609 quam
582 2526 773 2590 umbratiles
796 2527 849 2591 isti
872 2526 988 2590 heroes
1010 2525 1109 2590 etiam
1134 2526 1248 2590 secisse
1263 2526 1448 2608 fingantur;

299 2627 357 2690 sed
374 2627 481 2690 modis
497 2635 530 2688 et
545 2624 605 2688 viis
624 2625 748 2689 scilicet
769 2627 938 2689 actionum
960 2625 1096 2689 minime
1114 2625 1272 2688 fabulosis
1289 2635 1322 2688 et
1338 2626 1449 2708 prodi-

298 2727 406 2809 giosis.
452 2725 572 2808 Neque
592 2734 767 2808 propterea
788 2746 931 2807 aequum
954 2735 1004 2789 est
1026 2746 1123 2788 verae
1147 2725 1327 2788 memoriae
1349 2724 1449 2788 fidem

299 2829 461 2914 derogari,
483 2830 573 2911 quod
598 2849 617 2890 a
643 2827 763 2892 sabulis
787 2828 841 2893 illa
865 2830 1064 2912 quandoque
1086 2828 1174 2892 laesa
1196 2829 1239 2892 sit
1263 2839 1296 2892 et
1318 2828 1449 2892 violata.

299 2935 366 2999 Sed
397 2934 527 2996 interim
566 2933 702 2996 minime
740 2933 857 2996 mirum
892 2943 951 3010 est,
981 2934 1007 2996 si
1038 2933 1318 3017 propositionibus
1355 2933 1450 2996 novis

297 3037 503 3122 (praesertim
524 3057 599 3101 cum
621 3037 788 3101 mentione
809 3035 960 3122 operum)
977 3058 1135 3121 magnum
1151 3037 1194 3101 sit
1209 3036 1332 3100 factum
1356 3057 1448 3118 prae-

294 3143 455 3224 judicium
478 3162 536 3224 per
559 3143 640 3204 istos
664 3142 871 3225 impostores
894 3143 951 3224 qui
974 3140 1093 3205 similia
1115 3150 1345 3218 tentaverunt;
1373 3161 1447 3204 cum

296 3245 452 3310 vanitatis
467 3265 622 3309 excessus
637 3255 670 3308 et
685 3245 853 3310 fastidium
868 3248 969 3310 etiam
985 3265 1072 3310 nunc
1087 3265 1219 3309 omnem
1236 3246 1269 3307 in
1284 3243 1446 3326 ejusmodi

297 3350 469 3414 conatibus
488 3351 794 3433 magnanimitatem
810 3351 1020 3416 destruxerit.

756 3503 993 3568 LXXXVIII.

341 3633 391 3698 At
421 3633 520 3714 longe
558 3632 685 3716 majora
716 3655 736 3696 a
767 3634 1045 3718 pusillanimitate,
1076 3645 1109 3698 et
1146 3654 1331 3718 pensorum,
1362 3653 1447 3716 quae

298 3736 443 3800 humana
469 3738 630 3801 industria
656 3738 718 3801 sibi
745 3739 925 3822 proposuit,
948 3739 1109 3821 parvitate
1138 3748 1171 3800 et
1195 3737 1365 3811 tenuitate,
1390 3737 1446 3800 de-

332 3924 354 3954 ⁴⁸
373 3927 396 3980 F
398 3925 567 3980 oraviolent
580 3924 717 3980 invective
730 3925 843 3994 against
852 3925 899 3980 the
908 3924 1046 3991 moderas,
1055 3926 1112 3979 and
1125 3923 1274 3994 especially
1284 3925 1446 3978 Paracelsus

296 4010 352 4064 and
373 4009 421 4064 the
444 4008 594 4078 Chemists‚
614 4026 661 4063 see
683 4008 831 4078 Temporis
854 4009 953 4062 Partus
977 4010 1130 4076 Masculus,
1150 4009 1184 4062 E.
1202 4009 1260 4062 and
1279 4009 1317 4074 S.,
1337 4008 1390 4061 vol.
1409 4005 1446 4062 iii.

297 4110 323 4163 p.
338 4105 398 4162 531,
411 4093 461 4147 dac.
498 4093 561 4146 The
574 4109 694 4162 passage
715 4091 815 4160 begins
834 4092 916 4146 thus:
936 4091 1088 4146 ‘Necnon
1106 4108 1175 4161 cape
1188 4091 1304 4146 comites
1317 4091 1446 4161 perfunc-

295 4176 396 4231 toriam
426 4175 639 4230 Neotericorum
670 4175 789 4229 turbam.
840 4175 919 4230 Heus
950 4177 1149 4241 nomenclator,
1182 4191 1308 4244 suggere.
1359 4173 1444 4244 Atqui

295 4259 455 4329 respondet,
468 4276 505 4314 ne
517 4258 618 4328 dignos
631 4275 693 4314 esse
706 4275 822 4328 quorum
836 4258 951 4313 nomina
962 4260 1073 4312 teneat)
1099 4259 1160 4312 The
1170 4257 1275 4328 quacks
1288 4259 1320 4312 of
1327 4258 1445 4312 Bacon's

296 4343 352 4411 day
364 4359 435 4398 were
453 4343 594 4414 generally
606 4353 635 4398 to
653 4343 689 4397 be
706 4342 795 4397 Iound
813 4351 944 4411 amongst
963 4343 1011 4397 the
1029 4342 1181 4412 professors
1199 4341 1230 4396 oi
1239 4343 1376 4411 Alchemy
1389 4342 1445 4396 and

296 4425 399 4494 Magic.

330 4507 353 4539 ⁴⁹
373 4509 425 4564 See
439 4509 578 4564 Hallam's
591 4508 746 4565 Literature
758 4508 790 4564 ol
799 4511 919 4579 Europe,
932 4517 994 4579 part
1008 4507 1024 4563 i.
1038 4509 1081 4564 ch.
1094 4521 1120 4576 4.
1135 4505 1148 4580 ξ
1164 4520 1207 4578 70.
