3358 5152
349 427 412 495 322
729 411 885 469 NOVUM
905 410 1124 466 ORGANUM.

348 581 456 665 posita
479 589 537 643 aut
560 576 721 643 collocata
742 577 808 653 sit;
831 576 864 639 id
888 575 975 640 enim
999 573 1166 658 legentem
1184 593 1249 636 non
1268 571 1410 637 multum
1434 573 1495 636 im-

348 686 461 768 pedire
483 683 578 756 solet,
601 681 871 764 quandoquidem
895 689 1002 744 errata
1024 679 1068 742 ab
1091 679 1165 762 ipso
1187 698 1285 741 sensu
1307 677 1403 742 facile
1425 698 1495 742 cor-

348 786 506 868 riguntur.
529 821 531 826 ·
552 783 605 847 Ita
638 783 737 846 etiam
771 779 917 864 cogitent
954 779 1115 856 homines,
1145 777 1251 842 multa
1285 779 1319 842 in
1357 777 1495 843 historia

347 883 487 949 naturali
510 882 738 965 experimenta
760 879 844 944 salso
866 879 955 945 credi
975 889 1009 943 et
1032 879 1133 960 recipi
1156 898 1264 962 posse,
1287 898 1373 960 quae
1396 877 1495 961 paulo

347 997 424 1072 post
446 1009 467 1051 a
488 986 595 1052 causis
617 996 651 1049 et
673 983 898 1048 axiomatibus
921 983 1062 1048 inventis
1084 981 1180 1047 facile
1203 992 1440 1064 expunguntur
1462 992 1496 1046 et

348 1093 546 1175 rejiciuntur.
592 1089 660 1154 Sed
684 1099 796 1153 tamen
820 1107 933 1152 verum
956 1097 1017 1160 est,
1038 1087 1066 1151 si
1089 1088 1121 1150 in
1144 1085 1282 1151 historia
1300 1085 1440 1150 naturali
1462 1095 1495 1149 et

348 1196 583 1282 experimentis
606 1213 726 1276 magna
748 1201 781 1256 et
800 1193 914 1256 crebra
933 1202 967 1255 et
989 1192 1146 1256 continua
1165 1190 1288 1254 suerint
1310 1200 1425 1266 errata,
1440 1190 1495 1253 illa

349 1299 439 1364 nulla
461 1298 582 1383 ingenii
605 1309 663 1362 aut
681 1297 761 1360 artis
784 1295 964 1360 foelicitate
986 1296 1104 1377 corrigi
1127 1306 1186 1360 aut
1202 1295 1368 1358 emendari
1387 1315 1494 1377 posse.

350 1404 467 1487 Itaque
489 1404 516 1468 si
539 1403 572 1466 in
593 1401 730 1466 historia
749 1410 860 1465 nostra
879 1399 1029 1477 naturali,
1049 1420 1135 1482 quae
1155 1409 1250 1464 tanta
1267 1399 1438 1482 diligentia
1462 1407 1495 1461 et

346 1509 520 1573 severitate
542 1517 577 1572 et
599 1507 666 1572 lere
684 1505 841 1588 religione
864 1506 1004 1588 probata
1025 1514 1058 1568 et
1077 1504 1217 1570 collecta
1240 1514 1299 1582 est,
1315 1503 1439 1586 aliquid
1462 1504 1495 1567 in

346 1611 599 1696 particularibus
624 1610 825 1692 quandoque
856 1609 963 1674 subsit
990 1607 1142 1673 salsitatis
1174 1616 1233 1672 aut
1263 1608 1391 1685 erroris,
1415 1608 1495 1690 quid

346 1718 484 1781 tandem
509 1715 551 1778 de
576 1713 716 1779 naturali
741 1713 877 1777 historia
900 1711 1037 1796 vulgari,
1064 1733 1151 1795 quae
1177 1733 1257 1795 prae
1281 1721 1395 1776 nostra
1424 1721 1495 1776 tam

348 1821 516 1904 negligens
538 1826 588 1882 est
611 1827 645 1881 et
659 1816 773 1894 facilis,
787 1816 963 1881 dicendum
980 1815 1065 1881 erit?
1088 1826 1146 1880 aut
1162 1817 1205 1880 de
1230 1815 1439 1900 philosophia
1461 1826 1494 1879 et

347 1925 490 1989 scientiis
503 1943 601 2004 super
615 1921 804 2004 hujusmodi
819 1941 935 1985 arenas
950 1917 1016 2006 (vel
1032 1931 1140 2004 syrtes
1156 1917 1281 2005 potius)
1292 1916 1495 1984 aedificatis?

349 2029 468 2111 ltaque
482 2027 546 2090 hoc
561 2027 650 2108 quod
666 2025 813 2090 diximus
829 2025 995 2088 neminem
1014 2035 1156 2090 moveat.

860 2211 987 2279 CXIX.

393 2337 574 2416 Occurrent
589 2336 690 2400 etiam
706 2335 739 2399 in
754 2334 891 2398 historia
906 2345 1018 2399 nostra
1034 2345 1068 2398 et
1083 2335 1319 2418 experimentis
1334 2331 1494 2418 plurimae

348 2463 409 2520 res,
418 2441 526 2524 primo
536 2439 624 2504 leves
636 2449 669 2504 et
679 2439 844 2521 vulgatae,
854 2439 974 2503 deinde
985 2438 1067 2502 viles
1079 2449 1113 2503 et
1126 2437 1311 2512 illiberales,
1324 2447 1494 2520 postremo

347 2546 444 2608 nimis
468 2543 607 2608 subtiles
633 2563 671 2607 ac
700 2563 789 2607 mere
813 2542 1044 2624 speculativae,
1069 2553 1102 2606 et
1129 2543 1221 2624 quasi
1253 2542 1371 2608 nullius
1397 2563 1493 2608 usus:

347 2650 437 2731 quod
465 2668 570 2731 genus
607 2667 715 2710 rerum
748 2645 920 2710 hominum
958 2647 1069 2710 studia
1102 2657 1250 2711 avertere
1284 2657 1317 2710 et
1353 2647 1494 2710 alienare

346 2753 452 2836 possit
460 2749 500 2814 ³⁸.

390 2854 507 2937 Atque
526 2854 568 2918 de
588 2854 658 2918 istis
678 2853 775 2918 rebus
792 2873 877 2936 quae
892 2853 1046 2918 videntur
1066 2852 1227 2937 vulgatae,
1244 2853 1324 2917 illud
1344 2854 1494 2919 homines

347 2959 512 3040 cogitent;
543 2957 649 3022 solere
670 2977 749 3022 sane
771 2978 828 3021 eos
854 2955 963 3023 adhuc
986 2955 1066 3020 nihil
1089 2956 1178 3021 aliud
1203 2977 1309 3040 agere,
1332 2977 1433 3039 quam
1458 2968 1494 3023 ut

347 3083 460 3126 eorum
488 3081 573 3144 quae
597 3082 671 3126 rara
695 3071 773 3124 sunt
799 3081 916 3126 causas
940 3063 984 3125 ad
1007 3082 1047 3125 ea
1076 3081 1164 3143 quae
1193 3060 1382 3144 frequenter
1411 3063 1494 3127 liunt

348 3165 487 3228 referant
503 3173 537 3228 et
552 3165 814 3239 accommodent,
829 3175 864 3229 at
880 3165 1025 3248 ipsorum
1041 3184 1127 3246 quae
1141 3164 1327 3246 frequenter
1342 3165 1494 3230 eveniunt

347 3268 452 3332 nullas
479 3287 594 3332 causas
617 3269 790 3350 inquirant,
813 3271 873 3333 sed
896 3290 935 3333 ea
958 3269 1029 3350 ipsa
1052 3269 1210 3352 recipiant
1234 3279 1392 3352 tanquam
1416 3291 1492 3334 con·

347 3392 438 3436 cessa
454 3382 487 3435 et
502 3372 655 3436 admissa.

391 3477 509 3558 Itaque
519 3496 584 3538 non
594 3475 756 3559 ponderis,
769 3496 834 3539 non
846 3477 1019 3541 rotationis
1034 3476 1227 3540 coelestium
1235 3477 1269 3552 ³³,
1283 3498 1349 3541 non
1364 3477 1492 3557 caloris,

348 3600 413 3642 non
425 3579 562 3662 frigoris,
578 3599 643 3642 non
660 3578 800 3656 luminis,
816 3600 883 3644 non
898 3581 981 3658 duri,
997 3601 1062 3644 non
1079 3579 1197 3660 mollis,
1213 3601 1279 3644 non
1294 3582 1410 3660 tenuis,
1426 3604 1492 3648 non

348 3683 448 3756 densi,
464 3703 531 3746 non
546 3682 674 3764 liquidi,
690 3703 755 3747 non
771 3683 988 3758 consistentis,
1000 3705 1066 3748 non
1081 3685 1226 3758 animati,
1237 3705 1303 3748 non
1313 3687 1492 3762 inanimati,

349 3807 414 3850 non
439 3786 599 3861 similaris,
627 3807 693 3850 non
723 3789 936 3867 dissimilaris,
960 3810 1020 3854 nec
1043 3791 1179 3854 demum
1203 3793 1357 3875 organici,
1379 3813 1494 3858 causas

347 3900 527 3973 quaerunt3
561 3892 619 3955 sed
643 3890 716 3969 illis,
741 3903 899 3977 tanquam
928 3915 989 3976 pro
1013 3895 1219 3959 evidentibus
1244 3905 1277 3959 et
1301 3897 1494 3976 manifestis,

382 4077 404 4110 ⁸³
424 4080 457 4134 ln
482 4079 539 4134 this
563 4080 620 4134 and
644 4081 693 4135 the
716 4090 771 4135 two
794 4092 858 4135 next
882 4082 1057 4151 Aphorisms,
1078 4099 1118 4136 we
1144 4083 1216 4138 have
1239 4084 1319 4139 three
1342 4086 1494 4156 apologias,

347 4165 467 4233 namely,
480 4161 523 4219 lor
534 4165 582 4219 the
600 4180 767 4219 occurrence
786 4164 814 4218 iu
833 4164 881 4219 the
894 4166 1012 4220 Natural
1032 4166 1148 4235 History
1160 4166 1191 4220 ol
1206 4182 1336 4222 common
1349 4169 1452 4239 things,
1466 4170 1498 4225 of

273 4278 287 4294 ·
347 4248 415 4303 base
427 4247 531 4317 things,
544 4248 602 4302 and
614 4248 645 4302 ol
653 4247 743 4303 subtle
756 4248 858 4317 things.

383 4329 405 4362 ³⁹
423 4332 467 4387 To
479 4332 550 4386 bave
568 4331 656 4386 asked
674 4331 731 4387 this
744 4331 870 4402 question
884 4332 984 4387 should
1003 4334 1095 4402 surely
1106 4333 1143 4388 be
1161 4343 1211 4404 put
1230 4335 1311 4389 down
1329 4344 1359 4390 to
1372 4336 1492 4391 Bacon’s

347 4415 465 4552 {ixion
489 4415 551 4470 The
574 4433 656 4470 cause
679 4415 711 4470 os
731 4417 779 4471 the
803 4416 925 4471 celestia]
950 4416 1069 4472 motione
1094 4434 1151 4473 was
1181 4418 1240 4474 frrst
1265 4418 1429 4475 discovered
1456 4420 1493 4490 by
