<?xml version="1.0" encoding="UTF-8"?>
<!DOCTYPE html PUBLIC "-//W3C//DTD XHTML 1.0 Transitional//EN"
    "http://www.w3.org/TR/xhtml1/DTD/xhtml1-transitional.dtd">
<html xmlns="http://www.w3.org/1999/xhtml" xml:lang="en" lang="en">
 <head>
  <title>
</title>
<meta http-equiv="Content-Type" content="text/html;charset=utf-8" />
  <meta name='ocr-system' content='tesseract 3.04.00' />
  <meta name='ocr-capabilities' content='ocr_page ocr_carea ocr_par ocr_line ocrx_word'/>
</head>
<body>
  <div class='ocr_page' id='page_1' title='image "./baconsnovumorga00bacogoog/baconsnovumorga00bacogoog_0200.png"; bbox 0 0 3344 5152; ppageno 0'>
   <div class='ocr_carea' id='block_1_1' title="bbox 579 399 1380 481">
    <p class='ocr_par' dir='ltr' id='par_1_1' title="bbox 579 399 1380 481">
     <span class='ocr_line' id='line_1_1' title="bbox 579 399 1380 481; baseline 0.011 -28"><span class='ocrx_word' id='word_1_1' title='bbox 579 399 852 457; x_wconf 83' lang='lat' dir='ltr'><em>DISTRIBUTIO</em></span> <span class='ocrx_word' id='word_1_2' title='bbox 876 403 1035 460; x_wconf 86' lang='lat' dir='ltr'><em>OPERIS.</em></span> <span class='ocrx_word' id='word_1_3' title='bbox 1323 415 1380 481; x_wconf 82' lang='lat'><strong>171</strong></span> 
     </span>
    </p>
   </div>
   <div class='ocr_carea' id='block_1_2' title="bbox 230 563 1383 2831">
    <p class='ocr_par' dir='ltr' id='par_1_2' title="bbox 231 563 1383 1480">
     <span class='ocr_line' id='line_1_2' title="bbox 278 563 1381 653; baseline 0.006 -24"><span class='ocrx_word' id='word_1_4' title='bbox 278 565 475 630; x_wconf 89' lang='lat' dir='ltr'><strong>Partitiones</strong></span> <span class='ocrx_word' id='word_1_5' title='bbox 501 573 613 628; x_wconf 89' lang='lat' dir='ltr'><strong>tamen</strong></span> <span class='ocrx_word' id='word_1_6' title='bbox 644 563 862 630; x_wconf 90' lang='lat' dir='ltr'><strong>Scientiarum</strong></span> <span class='ocrx_word' id='word_1_7' title='bbox 889 567 1086 633; x_wconf 83' lang='lat' dir='ltr'>adhibemus</span> <span class='ocrx_word' id='word_1_8' title='bbox 1116 591 1181 648; x_wconf 89' lang='lat' dir='ltr'><strong>eas,</strong></span> <span class='ocrx_word' id='word_1_9' title='bbox 1205 592 1290 653; x_wconf 90' lang='lat' dir='ltr'><strong>quae</strong></span> <span class='ocrx_word' id='word_1_10' title='bbox 1316 593 1381 638; x_wconf 93' lang='lat' dir='ltr'><strong>non</strong></span> 
     </span>
     <span class='ocr_line' id='line_1_3' title="bbox 231 669 1383 752; baseline 0.005 -18"><span class='ocrx_word' id='word_1_11' title='bbox 231 681 363 735; x_wconf 92' lang='lat' dir='ltr'><strong>tantum</strong></span> <span class='ocrx_word' id='word_1_12' title='bbox 384 669 454 752; x_wconf 88' lang='lat' dir='ltr'><strong>jam</strong></span> <span class='ocrx_word' id='word_1_13' title='bbox 477 670 609 733; x_wconf 90' lang='lat' dir='ltr'><strong>inventa</strong></span> <span class='ocrx_word' id='word_1_14' title='bbox 632 678 665 732; x_wconf 90' lang='lat' dir='ltr'><strong>et</strong></span> <span class='ocrx_word' id='word_1_15' title='bbox 687 679 776 746; x_wconf 88' lang='lat' dir='ltr'><strong>nota,</strong></span> <span class='ocrx_word' id='word_1_16' title='bbox 796 671 855 734; x_wconf 89' lang='lat' dir='ltr'><strong>sed</strong></span> <span class='ocrx_word' id='word_1_17' title='bbox 878 673 1036 737; x_wconf 88' lang='lat' dir='ltr'><strong>hactenus</strong></span> <span class='ocrx_word' id='word_1_18' title='bbox 1059 675 1181 738; x_wconf 93' lang='lat' dir='ltr'><strong>omissa</strong></span> <span class='ocrx_word' id='word_1_19' title='bbox 1204 685 1237 738; x_wconf 90' lang='lat' dir='ltr'><strong>et</strong></span> <span class='ocrx_word' id='word_1_20' title='bbox 1260 677 1383 750; x_wconf 88' lang='lat' dir='ltr'><strong>debita,</strong></span> 
     </span>
     <span class='ocr_line' id='line_1_4' title="bbox 231 773 1383 859; baseline 0.003 -20"><span class='ocrx_word' id='word_1_21' title='bbox 231 775 505 858; x_wconf 84' lang='lat' dir='ltr'><strong>complectantur.</strong></span> <span class='ocrx_word' id='word_1_22' title='bbox 559 773 693 837; x_wconf 88' lang='lat' dir='ltr'>Etenim</span> <span class='ocrx_word' id='word_1_23' title='bbox 731 773 938 839; x_wconf 91' lang='lat' dir='ltr'><strong>inveniuntur</strong></span> <span class='ocrx_word' id='word_1_24' title='bbox 968 777 1000 838; x_wconf 95' lang='lat' dir='ltr'><strong>in</strong></span> <span class='ocrx_word' id='word_1_25' title='bbox 1030 776 1131 859; x_wconf 87' lang='lat' dir='ltr'><strong>globo</strong></span> <span class='ocrx_word' id='word_1_26' title='bbox 1162 779 1383 857; x_wconf 80' lang='lat' dir='ltr'><strong>intellectuali,</strong></span> 
     </span>
     <span class='ocr_line' id='line_1_5' title="bbox 231 877 1383 966; baseline 0.003 -23"><span class='ocrx_word' id='word_1_27' title='bbox 231 879 517 962; x_wconf 89' lang='lat' dir='ltr'><strong>quemadmodum</strong></span> <span class='ocrx_word' id='word_1_28' title='bbox 534 877 566 940; x_wconf 94' lang='lat' dir='ltr'><strong>in</strong></span> <span class='ocrx_word' id='word_1_29' title='bbox 581 877 736 953; x_wconf 82' lang='lat' dir='ltr'><strong>terrestri,</strong></span> <span class='ocrx_word' id='word_1_30' title='bbox 750 887 783 941; x_wconf 89' lang='lat' dir='ltr'><strong>et</strong></span> <span class='ocrx_word' id='word_1_31' title='bbox 799 877 888 942; x_wconf 88' lang='lat' dir='ltr'><strong>culta</strong></span> <span class='ocrx_word' id='word_1_32' title='bbox 902 880 1024 961; x_wconf 90' lang='lat' dir='ltr'><strong>pariter</strong></span> <span class='ocrx_word' id='word_1_33' title='bbox 1037 891 1071 944; x_wconf 91' lang='lat' dir='ltr'><strong>et</strong></span> <span class='ocrx_word' id='word_1_34' title='bbox 1087 882 1226 946; x_wconf 88' lang='lat' dir='ltr'><strong>deserta.</strong></span> <span class='ocrx_word' id='word_1_35' title='bbox 1266 884 1383 966; x_wconf 91' lang='lat' dir='ltr'><strong>Itaque</strong></span> 
     </span>
     <span class='ocr_line' id='line_1_6' title="bbox 233 980 1383 1070; baseline 0.004 -24"><span class='ocrx_word' id='word_1_36' title='bbox 233 984 279 1046; x_wconf 90' lang='lat' dir='ltr'><strong>nil</strong></span> <span class='ocrx_word' id='word_1_37' title='bbox 304 984 423 1046; x_wconf 92' lang='lat' dir='ltr'><strong>mirum</strong></span> <span class='ocrx_word' id='word_1_38' title='bbox 447 981 550 1044; x_wconf 90' lang='lat' dir='ltr'><strong>videri</strong></span> <span class='ocrx_word' id='word_1_39' title='bbox 575 980 684 1055; x_wconf 87' lang='lat' dir='ltr'><strong>debet,</strong></span> <span class='ocrx_word' id='word_1_40' title='bbox 705 981 732 1043; x_wconf 93' lang='lat' dir='ltr'><strong>si</strong></span> <span class='ocrx_word' id='word_1_41' title='bbox 755 1003 775 1044; x_wconf 88' lang='lat' dir='ltr'><strong>a</strong></span> <span class='ocrx_word' id='word_1_42' title='bbox 797 982 1011 1048; x_wconf 85' lang='lat' dir='ltr'><strong>divisionibus</strong></span> <span class='ocrx_word' id='word_1_43' title='bbox 1033 985 1162 1049; x_wconf 88' lang='lat' dir='ltr'><strong>usitatis</strong></span> <span class='ocrx_word' id='word_1_44' title='bbox 1184 989 1383 1070; x_wconf 87' lang='lat' dir='ltr'><strong>quandoque</strong></span> 
     </span>
     <span class='ocr_line' id='line_1_7' title="bbox 232 1083 1382 1174; baseline 0.004 -25"><span class='ocrx_word' id='word_1_45' title='bbox 232 1089 431 1151; x_wconf 89' lang='lat' dir='ltr'><strong>recedamus.</strong></span> <span class='ocrx_word' id='word_1_46' title='bbox 476 1083 635 1166; x_wconf 87' lang='lat' dir='ltr'><strong>Adjectio</strong></span> <span class='ocrx_word' id='word_1_47' title='bbox 657 1086 755 1158; x_wconf 89' lang='lat' dir='ltr'><strong>enim,</strong></span> <span class='ocrx_word' id='word_1_48' title='bbox 776 1086 856 1148; x_wconf 92' lang='lat' dir='ltr'><strong>dum</strong></span> <span class='ocrx_word' id='word_1_49' title='bbox 881 1095 990 1150; x_wconf 89' lang='lat' dir='ltr'><strong>totum</strong></span> <span class='ocrx_word' id='word_1_50' title='bbox 1013 1088 1127 1167; x_wconf 90' lang='lat' dir='ltr'><strong>variat,</strong></span> <span class='ocrx_word' id='word_1_51' title='bbox 1148 1091 1249 1154; x_wconf 92' lang='lat' dir='ltr'><strong>etiam</strong></span> <span class='ocrx_word' id='word_1_52' title='bbox 1272 1103 1382 1174; x_wconf 89' lang='lat' dir='ltr'><strong>partes</strong></span> 
     </span>
     <span class='ocr_line' id='line_1_8' title="bbox 233 1189 1383 1276; baseline 0.003 -22"><span class='ocrx_word' id='word_1_53' title='bbox 233 1210 412 1272; x_wconf 89' lang='lat' dir='ltr'><strong>earumque</strong></span> <span class='ocrx_word' id='word_1_54' title='bbox 438 1190 600 1252; x_wconf 86' lang='lat' dir='ltr'><strong>sectiones</strong></span> <span class='ocrx_word' id='word_1_55' title='bbox 627 1189 808 1252; x_wconf 87' lang='lat' dir='ltr'><strong>necessario</strong></span> <span class='ocrx_word' id='word_1_56' title='bbox 830 1190 953 1254; x_wconf 91' lang='lat' dir='ltr'><strong>variat:</strong></span> <span class='ocrx_word' id='word_1_57' title='bbox 987 1202 1139 1276; x_wconf 86' lang='lat' dir='ltr'><strong>receptae</strong></span> <span class='ocrx_word' id='word_1_58' title='bbox 1165 1204 1276 1257; x_wconf 88' lang='lat' dir='ltr'><strong>autem</strong></span> <span class='ocrx_word' id='word_1_59' title='bbox 1300 1196 1383 1258; x_wconf 92' lang='lat' dir='ltr'><strong>divi·</strong></span> 
     </span>
     <span class='ocr_line' id='line_1_9' title="bbox 232 1291 1381 1375; baseline 0.005 -19"><span class='ocrx_word' id='word_1_60' title='bbox 232 1294 341 1357; x_wconf 88' lang='lat' dir='ltr'><strong>siones</strong></span> <span class='ocrx_word' id='word_1_61' title='bbox 364 1303 514 1375; x_wconf 87' lang='lat' dir='ltr'><strong>receptae</strong></span> <span class='ocrx_word' id='word_1_62' title='bbox 536 1311 685 1354; x_wconf 90' lang='lat' dir='ltr'><strong>summae</strong></span> <span class='ocrx_word' id='word_1_63' title='bbox 707 1291 925 1370; x_wconf 90' lang='lat' dir='ltr'><strong>scientiarum,</strong></span> <span class='ocrx_word' id='word_1_64' title='bbox 941 1294 1048 1375; x_wconf 91' lang='lat' dir='ltr'><strong>qualis</strong></span> <span class='ocrx_word' id='word_1_65' title='bbox 1069 1315 1154 1360; x_wconf 93' lang='lat' dir='ltr'><strong>nunc</strong></span> <span class='ocrx_word' id='word_1_66' title='bbox 1177 1308 1236 1373; x_wconf 91' lang='lat' dir='ltr'><strong>est,</strong></span> <span class='ocrx_word' id='word_1_67' title='bbox 1251 1308 1381 1362; x_wconf 89' lang='lat' dir='ltr'><strong>tantum</strong></span> 
     </span>
     <span class='ocr_line' id='line_1_10' title="bbox 233 1407 435 1480; baseline -0.01 -18"><span class='ocrx_word' id='word_1_68' title='bbox 233 1407 435 1480; x_wconf 88' lang='lat' dir='ltr'><strong>competunt.</strong></span> 
     </span>
    </p>

    <p class='ocr_par' dir='ltr' id='par_1_3' title="bbox 230 1501 1383 2831">
     <span class='ocr_line' id='line_1_11' title="bbox 279 1501 1381 1588; baseline 0.005 -23"><span class='ocrx_word' id='word_1_69' title='bbox 279 1501 374 1566; x_wconf 92' lang='lat' dir='ltr'><strong>Circa</strong></span> <span class='ocrx_word' id='word_1_70' title='bbox 390 1523 430 1565; x_wconf 90' lang='lat' dir='ltr'><strong>ea</strong></span> <span class='ocrx_word' id='word_1_71' title='bbox 443 1522 521 1564; x_wconf 92' lang='lat' dir='ltr'><strong>vero</strong></span> <span class='ocrx_word' id='word_1_72' title='bbox 536 1521 621 1583; x_wconf 89' lang='lat' dir='ltr'><strong>quae</strong></span> <span class='ocrx_word' id='word_1_73' title='bbox 639 1521 698 1565; x_wconf 89' lang='lat' dir='ltr'><strong>ceu</strong></span> <span class='ocrx_word' id='word_1_74' title='bbox 718 1501 840 1565; x_wconf 89' lang='lat' dir='ltr'><strong>omissa</strong></span> <span class='ocrx_word' id='word_1_75' title='bbox 859 1501 1057 1582; x_wconf 88' lang='lat' dir='ltr'><strong>notabimus,</strong></span> <span class='ocrx_word' id='word_1_76' title='bbox 1076 1504 1122 1568; x_wconf 92' lang='lat' dir='ltr'><strong>ita</strong></span> <span class='ocrx_word' id='word_1_77' title='bbox 1139 1526 1199 1569; x_wconf 94' lang='lat' dir='ltr'><strong>nos</strong></span> <span class='ocrx_word' id='word_1_78' title='bbox 1219 1525 1381 1588; x_wconf 89' lang='lat' dir='ltr'><strong>geremus,</strong></span> 
     </span>
     <span class='ocr_line' id='line_1_12' title="bbox 235 1603 1382 1692; baseline 0.004 -23"><span class='ocrx_word' id='word_1_79' title='bbox 235 1617 271 1670; x_wconf 92' lang='lat' dir='ltr'><strong>ut</strong></span> <span class='ocrx_word' id='word_1_80' title='bbox 287 1627 350 1670; x_wconf 93' lang='lat' dir='ltr'><strong>non</strong></span> <span class='ocrx_word' id='word_1_81' title='bbox 368 1604 456 1668; x_wconf 89' lang='lat' dir='ltr'><strong>leves</strong></span> <span class='ocrx_word' id='word_1_82' title='bbox 471 1615 601 1669; x_wconf 90' lang='lat' dir='ltr'><strong>tantum</strong></span> <span class='ocrx_word' id='word_1_83' title='bbox 622 1603 736 1669; x_wconf 88' lang='lat' dir='ltr'><strong>titulos</strong></span> <span class='ocrx_word' id='word_1_84' title='bbox 754 1615 787 1667; x_wconf 89' lang='lat' dir='ltr'><strong>et</strong></span> <span class='ocrx_word' id='word_1_85' title='bbox 805 1616 1001 1687; x_wconf 90' lang='lat' dir='ltr'><strong>argumenta</strong></span> <span class='ocrx_word' id='word_1_86' title='bbox 1019 1608 1149 1673; x_wconf 87' lang='lat' dir='ltr'><strong>concisa</strong></span> <span class='ocrx_word' id='word_1_87' title='bbox 1167 1630 1382 1692; x_wconf 87' lang='lat' dir='ltr'><strong>eorumquae</strong></span> 
     </span>
     <span class='ocr_line' id='line_1_13' title="bbox 234 1708 1381 1791; baseline 0.003 -18"><span class='ocrx_word' id='word_1_88' title='bbox 234 1710 459 1773; x_wconf 88' lang='lat' dir='ltr'><strong>desiderantur</strong></span> <span class='ocrx_word' id='word_1_89' title='bbox 482 1727 713 1791; x_wconf 85' lang='lat' dir='ltr'><strong>proponamus</strong></span> <span class='ocrx_word' id='word_1_90' title='bbox 760 1708 849 1772; x_wconf 89' lang='lat' dir='ltr'><strong>Nam</strong></span> <span class='ocrx_word' id='word_1_91' title='bbox 870 1709 976 1791; x_wconf 90' lang='lat' dir='ltr'><strong>siquid</strong></span> <span class='ocrx_word' id='word_1_92' title='bbox 996 1711 1080 1774; x_wconf 89' lang='lat' dir='ltr'><strong>inter</strong></span> <span class='ocrx_word' id='word_1_93' title='bbox 1098 1713 1218 1776; x_wconf 92' lang='lat' dir='ltr'><strong>omissa</strong></span> <span class='ocrx_word' id='word_1_94' title='bbox 1237 1713 1381 1777; x_wconf 89' lang='lat' dir='ltr'><strong>retuleri-</strong></span> 
     </span>
     <span class='ocr_line' id='line_1_14' title="bbox 235 1808 1383 1899; baseline 0.003 -21"><span class='ocrx_word' id='word_1_95' title='bbox 235 1835 307 1878; x_wconf 92' lang='lat' dir='ltr'><strong>mus</strong></span> <span class='ocrx_word' id='word_1_96' title='bbox 328 1808 444 1897; x_wconf 92' lang='lat' dir='ltr'><strong>(modo</strong></span> <span class='ocrx_word' id='word_1_97' title='bbox 467 1814 510 1876; x_wconf 91' lang='lat' dir='ltr'><strong>sit</strong></span> <span class='ocrx_word' id='word_1_98' title='bbox 533 1813 692 1895; x_wconf 85' lang='lat' dir='ltr'><strong>dignioris</strong></span> <span class='ocrx_word' id='word_1_99' title='bbox 715 1809 867 1896; x_wconf 88' lang='lat' dir='ltr'><strong>subjecti)</strong></span> <span class='ocrx_word' id='word_1_100' title='bbox 888 1813 980 1894; x_wconf 86' lang='lat' dir='ltr'><strong>cujus</strong></span> <span class='ocrx_word' id='word_1_101' title='bbox 1003 1815 1087 1878; x_wconf 93' lang='lat' dir='ltr'><strong>ratio</strong></span> <span class='ocrx_word' id='word_1_102' title='bbox 1110 1816 1209 1899; x_wconf 86' lang='lat' dir='ltr'><strong>paulo</strong></span> <span class='ocrx_word' id='word_1_103' title='bbox 1232 1819 1383 1881; x_wconf 88' lang='lat' dir='ltr'><strong>videatur</strong></span> 
     </span>
     <span class='ocr_line' id='line_1_15' title="bbox 233 1917 1382 2000; baseline 0.004 -19"><span class='ocrx_word' id='word_1_104' title='bbox 233 1917 410 1990; x_wconf 91' lang='lat' dir='ltr'><strong>obscurior,</strong></span> <span class='ocrx_word' id='word_1_105' title='bbox 433 1918 518 1980; x_wconf 92' lang='lat' dir='ltr'><strong>adeo</strong></span> <span class='ocrx_word' id='word_1_106' title='bbox 544 1927 580 1980; x_wconf 92' lang='lat' dir='ltr'><strong>ut</strong></span> <span class='ocrx_word' id='word_1_107' title='bbox 611 1917 728 1979; x_wconf 89' lang='lat' dir='ltr'><strong>merito</strong></span> <span class='ocrx_word' id='word_1_108' title='bbox 758 1917 915 1999; x_wconf 91' lang='lat' dir='ltr'><strong>suspicari</strong></span> <span class='ocrx_word' id='word_1_109' title='bbox 945 1919 1108 2000; x_wconf 91' lang='lat' dir='ltr'><strong>possimus</strong></span> <span class='ocrx_word' id='word_1_110' title='bbox 1138 1919 1287 1984; x_wconf 89' lang='lat' dir='ltr'><strong>homines</strong></span> <span class='ocrx_word' id='word_1_111' title='bbox 1317 1943 1382 1986; x_wconf 92' lang='lat' dir='ltr'><strong>non</strong></span> 
     </span>
     <span class='ocr_line' id='line_1_16' title="bbox 234 2019 1382 2110; baseline 0.005 -26"><span class='ocrx_word' id='word_1_112' title='bbox 234 2021 328 2086; x_wconf 88' lang='lat' dir='ltr'><strong>iacile</strong></span> <span class='ocrx_word' id='word_1_113' title='bbox 346 2020 569 2085; x_wconf 88' lang='lat' dir='ltr'><strong>intellecturos</strong></span> <span class='ocrx_word' id='word_1_114' title='bbox 587 2021 667 2101; x_wconf 94' lang='lat' dir='ltr'><strong>quid</strong></span> <span class='ocrx_word' id='word_1_115' title='bbox 686 2020 781 2084; x_wconf 90' lang='lat' dir='ltr'><strong>nobis</strong></span> <span class='ocrx_word' id='word_1_116' title='bbox 795 2019 933 2084; x_wconf 92' lang='lat' dir='ltr'><strong>velimus</strong></span> <span class='ocrx_word' id='word_1_117' title='bbox 951 2033 1008 2085; x_wconf 88' lang='lat' dir='ltr'><strong>aut</strong></span> <span class='ocrx_word' id='word_1_118' title='bbox 1027 2023 1125 2104; x_wconf 91' lang='lat' dir='ltr'><strong>quale</strong></span> <span class='ocrx_word' id='word_1_119' title='bbox 1143 2024 1184 2088; x_wconf 92' lang='lat' dir='ltr'><strong>sit</strong></span> <span class='ocrx_word' id='word_1_120' title='bbox 1201 2025 1281 2089; x_wconf 92' lang='lat' dir='ltr'><strong>illud</strong></span> <span class='ocrx_word' id='word_1_121' title='bbox 1298 2047 1382 2110; x_wconf 89' lang='lat' dir='ltr'><strong>opus</strong></span> 
     </span>
     <span class='ocr_line' id='line_1_17' title="bbox 233 2124 1382 2209; baseline 0.006 -22"><span class='ocrx_word' id='word_1_122' title='bbox 233 2127 324 2208; x_wconf 92' lang='lat' dir='ltr'><strong>quod</strong></span> <span class='ocrx_word' id='word_1_123' title='bbox 340 2126 451 2188; x_wconf 88' lang='lat' dir='ltr'><strong>animo</strong></span> <span class='ocrx_word' id='word_1_124' title='bbox 467 2135 500 2188; x_wconf 91' lang='lat' dir='ltr'><strong>et</strong></span> <span class='ocrx_word' id='word_1_125' title='bbox 516 2125 715 2206; x_wconf 84' lang='lat' dir='ltr'><strong>cogitatione</strong></span> <span class='ocrx_word' id='word_1_126' title='bbox 730 2124 988 2207; x_wconf 88' lang='lat' dir='ltr'><strong>complectimur,</strong></span> <span class='ocrx_word' id='word_1_127' title='bbox 1001 2137 1161 2209; x_wconf 91' lang='lat' dir='ltr'><strong>perpetuo</strong></span> <span class='ocrx_word' id='word_1_128' title='bbox 1175 2130 1270 2192; x_wconf 91' lang='lat' dir='ltr'><strong>nobis</strong></span> <span class='ocrx_word' id='word_1_129' title='bbox 1285 2151 1382 2194; x_wconf 89' lang='lat' dir='ltr'><strong>curae</strong></span> 
     </span>
     <span class='ocr_line' id='line_1_18' title="bbox 233 2227 1381 2311; baseline 0.004 -19"><span class='ocrx_word' id='word_1_130' title='bbox 233 2229 295 2292; x_wconf 91' lang='lat' dir='ltr'><strong>erit</strong></span> <span class='ocrx_word' id='word_1_131' title='bbox 324 2239 382 2292; x_wconf 88' lang='lat' dir='ltr'><strong>aut</strong></span> <span class='ocrx_word' id='word_1_132' title='bbox 411 2239 588 2310; x_wconf 88' lang='lat' dir='ltr'><strong>praecepta</strong></span> <span class='ocrx_word' id='word_1_133' title='bbox 617 2227 805 2309; x_wconf 87' lang='lat' dir='ltr'><strong>hujusmodi</strong></span> <span class='ocrx_word' id='word_1_134' title='bbox 836 2230 944 2311; x_wconf 89' lang='lat' dir='ltr'><strong>operis</strong></span> <span class='ocrx_word' id='word_1_135' title='bbox 974 2230 1168 2294; x_wconf 86' lang='lat' dir='ltr'><strong>conficiendi</strong></span> <span class='ocrx_word' id='word_1_136' title='bbox 1196 2244 1254 2297; x_wconf 88' lang='lat' dir='ltr'><strong>aut</strong></span> <span class='ocrx_word' id='word_1_137' title='bbox 1280 2235 1381 2297; x_wconf 91' lang='lat' dir='ltr'><strong>etiam</strong></span> 
     </span>
     <span class='ocr_line' id='line_1_19' title="bbox 234 2331 1381 2419; baseline 0.004 -25"><span class='ocrx_word' id='word_1_138' title='bbox 234 2343 361 2415; x_wconf 86' lang='lat' dir='ltr'><strong>partem</strong></span> <span class='ocrx_word' id='word_1_139' title='bbox 388 2331 496 2416; x_wconf 89' lang='lat' dir='ltr'><strong>operis</strong></span> <span class='ocrx_word' id='word_1_140' title='bbox 523 2332 625 2413; x_wconf 89' lang='lat' dir='ltr'><strong>ipsius</strong></span> <span class='ocrx_word' id='word_1_141' title='bbox 647 2331 717 2412; x_wconf 88' lang='lat' dir='ltr'><strong>jam</strong></span> <span class='ocrx_word' id='word_1_142' title='bbox 742 2352 762 2394; x_wconf 93' lang='lat' dir='ltr'><strong>a</strong></span> <span class='ocrx_word' id='word_1_143' title='bbox 789 2333 885 2396; x_wconf 93' lang='lat' dir='ltr'><strong>nobis</strong></span> <span class='ocrx_word' id='word_1_144' title='bbox 911 2333 1094 2398; x_wconf 87' lang='lat' dir='ltr'><strong>conlectam</strong></span> <span class='ocrx_word' id='word_1_145' title='bbox 1120 2338 1163 2400; x_wconf 92' lang='lat' dir='ltr'><strong>ad</strong></span> <span class='ocrx_word' id='word_1_146' title='bbox 1189 2338 1381 2419; x_wconf 88' lang='lat' dir='ltr'><strong>exemplum</strong></span> 
     </span>
     <span class='ocr_line' id='line_1_20' title="bbox 232 2434 1381 2521; baseline 0.005 -22"><span class='ocrx_word' id='word_1_147' title='bbox 232 2437 335 2500; x_wconf 91' lang='lat' dir='ltr'><strong>totius</strong></span> <span class='ocrx_word' id='word_1_148' title='bbox 366 2435 582 2517; x_wconf 84' lang='lat' dir='ltr'><strong>subjungere3</strong></span> <span class='ocrx_word' id='word_1_149' title='bbox 623 2445 660 2498; x_wconf 93' lang='lat' dir='ltr'><strong>ut</strong></span> <span class='ocrx_word' id='word_1_150' title='bbox 695 2435 727 2497; x_wconf 94' lang='lat' dir='ltr'><strong>in</strong></span> <span class='ocrx_word' id='word_1_151' title='bbox 760 2434 899 2518; x_wconf 89' lang='lat' dir='ltr'><strong>singulis</strong></span> <span class='ocrx_word' id='word_1_152' title='bbox 931 2446 989 2500; x_wconf 91' lang='lat' dir='ltr'><strong>aut</strong></span> <span class='ocrx_word' id='word_1_153' title='bbox 1021 2459 1122 2521; x_wconf 92' lang='lat' dir='ltr'><strong>opera</strong></span> <span class='ocrx_word' id='word_1_154' title='bbox 1154 2450 1211 2503; x_wconf 91' lang='lat' dir='ltr'><strong>aut</strong></span> <span class='ocrx_word' id='word_1_155' title='bbox 1245 2440 1381 2505; x_wconf 91' lang='lat' dir='ltr'><strong>consilio</strong></span> 
     </span>
     <span class='ocr_line' id='line_1_21' title="bbox 230 2539 1381 2623; baseline 0.003 -19"><span class='ocrx_word' id='word_1_156' title='bbox 230 2540 392 2623; x_wconf 87' lang='lat' dir='ltr'><strong>juvemus.</strong></span> <span class='ocrx_word' id='word_1_157' title='bbox 438 2539 572 2603; x_wconf 90' lang='lat' dir='ltr'><strong>Etenim</strong></span> <span class='ocrx_word' id='word_1_158' title='bbox 605 2539 705 2602; x_wconf 88' lang='lat' dir='ltr'><strong>etiam</strong></span> <span class='ocrx_word' id='word_1_159' title='bbox 739 2540 781 2602; x_wconf 93' lang='lat' dir='ltr'><strong>ad</strong></span> <span class='ocrx_word' id='word_1_160' title='bbox 816 2549 961 2604; x_wconf 87' lang='lat' dir='ltr'><strong>nostram</strong></span> <span class='ocrx_word' id='word_1_161' title='bbox 995 2543 1284 2621; x_wconf 89' lang='lat' dir='ltr'><strong>existimationem,</strong></span> <span class='ocrx_word' id='word_1_162' title='bbox 1315 2565 1381 2607; x_wconf 94' lang='lat' dir='ltr'><strong>non</strong></span> 
     </span>
     <span class='ocr_line' id='line_1_22' title="bbox 231 2642 1381 2729; baseline 0.003 -22"><span class='ocrx_word' id='word_1_163' title='bbox 231 2645 339 2708; x_wconf 93' lang='lat' dir='ltr'><strong>solum</strong></span> <span class='ocrx_word' id='word_1_164' title='bbox 362 2644 502 2708; x_wconf 89' lang='lat' dir='ltr'><strong>aliorum</strong></span> <span class='ocrx_word' id='word_1_165' title='bbox 526 2642 713 2718; x_wconf 89' lang='lat' dir='ltr'><strong>utilitatem,</strong></span> <span class='ocrx_word' id='word_1_166' title='bbox 733 2644 894 2725; x_wconf 87' lang='lat' dir='ltr'><strong>pertinere</strong></span> <span class='ocrx_word' id='word_1_167' title='bbox 917 2647 1114 2727; x_wconf 83' lang='lat' dir='ltr'><strong>putavimus.</strong></span> <span class='ocrx_word' id='word_1_168' title='bbox 1134 2667 1175 2710; x_wconf 91' lang='lat' dir='ltr'><strong>ne</strong></span> <span class='ocrx_word' id='word_1_169' title='bbox 1197 2647 1270 2729; x_wconf 93' lang='lat' dir='ltr'><strong>quis</strong></span> <span class='ocrx_word' id='word_1_170' title='bbox 1293 2648 1381 2711; x_wconf 91' lang='lat' dir='ltr'><strong>arbi-</strong></span> 
     </span>
     <span class='ocr_line' id='line_1_23' title="bbox 231 2747 1381 2831; baseline 0.003 -19"><span class='ocrx_word' id='word_1_171' title='bbox 231 2759 336 2812; x_wconf 91' lang='lat' dir='ltr'><strong>tretur</strong></span> <span class='ocrx_word' id='word_1_172' title='bbox 356 2748 463 2812; x_wconf 93' lang='lat' dir='ltr'><strong>levem</strong></span> <span class='ocrx_word' id='word_1_173' title='bbox 484 2749 629 2831; x_wconf 87' lang='lat' dir='ltr'><strong>aliquam</strong></span> <span class='ocrx_word' id='word_1_174' title='bbox 652 2748 695 2811; x_wconf 93' lang='lat' dir='ltr'><strong>de</strong></span> <span class='ocrx_word' id='word_1_175' title='bbox 718 2747 903 2812; x_wconf 86' lang='lat' dir='ltr'><strong>istiusmodi</strong></span> <span class='ocrx_word' id='word_1_176' title='bbox 924 2749 1021 2812; x_wconf 90' lang='lat' dir='ltr'><strong>rebus</strong></span> <span class='ocrx_word' id='word_1_177' title='bbox 1044 2751 1211 2814; x_wconf 89' lang='lat' dir='ltr'><strong>notionem</strong></span> <span class='ocrx_word' id='word_1_178' title='bbox 1235 2761 1381 2815; x_wconf 91' lang='lat' dir='ltr'><strong>mentem</strong></span> 
     </span>
    </p>
   </div>
   <div class='ocr_carea' id='block_1_3' title="bbox 232 2852 1382 3038">
    <p class='ocr_par' dir='ltr' id='par_1_4' title="bbox 232 2852 1382 3038">
     <span class='ocr_line' id='line_1_24' title="bbox 232 2852 1382 2936; baseline 0.006 -21"><span class='ocrx_word' id='word_1_179' title='bbox 232 2864 379 2917; x_wconf 90' lang='lat' dir='ltr'><strong>nostram</strong></span> <span class='ocrx_word' id='word_1_180' title='bbox 407 2853 644 2936; x_wconf 86' lang='lat' dir='ltr'><strong>perstrinxisse,</strong></span> <span class='ocrx_word' id='word_1_181' title='bbox 668 2860 769 2933; x_wconf 90' lang='lat' dir='ltr'><strong>atque</strong></span> <span class='ocrx_word' id='word_1_182' title='bbox 796 2872 866 2915; x_wconf 90' lang='lat' dir='ltr'><strong>esse</strong></span> <span class='ocrx_word' id='word_1_183' title='bbox 894 2852 948 2916; x_wconf 91' lang='lat' dir='ltr'><strong>illa</strong></span> <span class='ocrx_word' id='word_1_184' title='bbox 976 2874 1061 2934; x_wconf 88' lang='lat' dir='ltr'><strong>quae</strong></span> <span class='ocrx_word' id='word_1_185' title='bbox 1091 2855 1315 2919; x_wconf 87' lang='lat' dir='ltr'><strong>desideramus</strong></span> <span class='ocrx_word' id='word_1_186' title='bbox 1342 2878 1382 2922; x_wconf 93' lang='lat' dir='ltr'><strong>ac</strong></span> 
     </span>
     <span class='ocr_line' id='line_1_25' title="bbox 232 2951 1380 3038; baseline 0.003 -23"><span class='ocrx_word' id='word_1_187' title='bbox 232 2974 424 3037; x_wconf 88' lang='lat' dir='ltr'><strong>prensamus</strong></span> <span class='ocrx_word' id='word_1_188' title='bbox 439 2963 597 3034; x_wconf 89' lang='lat' dir='ltr'><strong>tanquam</strong></span> <span class='ocrx_word' id='word_1_189' title='bbox 612 2953 701 3015; x_wconf 89' lang='lat' dir='ltr'><strong>votis</strong></span> <span class='ocrx_word' id='word_1_190' title='bbox 716 2951 845 3016; x_wconf 90' lang='lat' dir='ltr'><strong>similia.</strong></span> <span class='ocrx_word' id='word_1_191' title='bbox 885 2953 936 3016; x_wconf 92' lang='lat' dir='ltr'><strong>Ea</strong></span> <span class='ocrx_word' id='word_1_192' title='bbox 951 2974 1028 3016; x_wconf 91' lang='lat' dir='ltr'><strong>vero</strong></span> <span class='ocrx_word' id='word_1_193' title='bbox 1044 2953 1122 3017; x_wconf 88' lang='lat' dir='ltr'><strong>talia</strong></span> <span class='ocrx_word' id='word_1_194' title='bbox 1138 2965 1223 3027; x_wconf 88' lang='lat' dir='ltr'><strong>sunt,</strong></span> <span class='ocrx_word' id='word_1_195' title='bbox 1240 2976 1380 3038; x_wconf 92' lang='lat' dir='ltr'><strong>quorum</strong></span> 
     </span>
    </p>
   </div>
   <div class='ocr_carea' id='block_1_4' title="bbox 230 3053 1381 4600">
    <p class='ocr_par' dir='ltr' id='par_1_5' title="bbox 231 3053 1380 3557">
     <span class='ocr_line' id='line_1_26' title="bbox 232 3053 1380 3142; baseline 0.002 -21"><span class='ocrx_word' id='word_1_196' title='bbox 232 3069 266 3121; x_wconf 90' lang='lat' dir='ltr'><strong>et</strong></span> <span class='ocrx_word' id='word_1_197' title='bbox 289 3078 389 3139; x_wconf 90' lang='lat' dir='ltr'><strong>penes</strong></span> <span class='ocrx_word' id='word_1_198' title='bbox 412 3057 561 3120; x_wconf 90' lang='lat' dir='ltr'><strong>homines</strong></span> <span class='ocrx_word' id='word_1_199' title='bbox 579 3053 653 3140; x_wconf 92' lang='lat' dir='ltr'><strong>(nisi</strong></span> <span class='ocrx_word' id='word_1_200' title='bbox 676 3056 738 3119; x_wconf 92' lang='lat' dir='ltr'><strong>sibi</strong></span> <span class='ocrx_word' id='word_1_201' title='bbox 761 3056 822 3137; x_wconf 91' lang='lat' dir='ltr'><strong>ipsi</strong></span> <span class='ocrx_word' id='word_1_202' title='bbox 846 3053 968 3142; x_wconf 89' lang='lat' dir='ltr'><strong>desint)</strong></span> <span class='ocrx_word' id='word_1_203' title='bbox 986 3067 1135 3140; x_wconf 89' lang='lat' dir='ltr'><strong>potestas</strong></span> <span class='ocrx_word' id='word_1_204' title='bbox 1157 3059 1255 3141; x_wconf 90' lang='lat' dir='ltr'><strong>plane</strong></span> <span class='ocrx_word' id='word_1_205' title='bbox 1277 3060 1328 3137; x_wconf 93' lang='lat' dir='ltr'><strong>sit,</strong></span> <span class='ocrx_word' id='word_1_206' title='bbox 1347 3071 1380 3123; x_wconf 91' lang='lat' dir='ltr'><strong>et</strong></span> 
     </span>
     <span class='ocr_line' id='line_1_27' title="bbox 232 3161 1379 3247; baseline 0.003 -23"><span class='ocrx_word' id='word_1_207' title='bbox 232 3183 291 3226; x_wconf 90' lang='lat' dir='ltr'><strong>nos</strong></span> <span class='ocrx_word' id='word_1_208' title='bbox 317 3164 407 3244; x_wconf 87' lang='lat' dir='ltr'><strong>apud</strong></span> <span class='ocrx_word' id='word_1_209' title='bbox 432 3170 560 3224; x_wconf 90' lang='lat' dir='ltr'><strong>nosmet</strong></span> <span class='ocrx_word' id='word_1_210' title='bbox 587 3162 748 3224; x_wconf 89' lang='lat' dir='ltr'><strong>rationem</strong></span> <span class='ocrx_word' id='word_1_211' title='bbox 775 3161 942 3242; x_wconf 88' lang='lat' dir='ltr'><strong>quandam</strong></span> <span class='ocrx_word' id='word_1_212' title='bbox 970 3171 1093 3226; x_wconf 89' lang='lat' dir='ltr'><strong>certam</strong></span> <span class='ocrx_word' id='word_1_213' title='bbox 1120 3173 1152 3226; x_wconf 92' lang='lat' dir='ltr'><strong>et</strong></span> <span class='ocrx_word' id='word_1_214' title='bbox 1179 3164 1379 3247; x_wconf 85' lang='lat' dir='ltr'><strong>explicatam</strong></span> 
     </span>
     <span class='ocr_line' id='line_1_28' title="bbox 231 3265 1380 3350; baseline 0.002 -22"><span class='ocrx_word' id='word_1_215' title='bbox 231 3266 422 3330; x_wconf 85' lang='lat' dir='ltr'><strong>habeamus.</strong></span> <span class='ocrx_word' id='word_1_216' title='bbox 467 3265 585 3348; x_wconf 90' lang='lat' dir='ltr'><strong>Neque</strong></span> <span class='ocrx_word' id='word_1_217' title='bbox 613 3266 699 3327; x_wconf 90' lang='lat' dir='ltr'><strong>enim</strong></span> <span class='ocrx_word' id='word_1_218' title='bbox 728 3265 875 3346; x_wconf 84' lang='lat' dir='ltr'><strong>regiones</strong></span> <span class='ocrx_word' id='word_1_219' title='bbox 900 3265 1007 3328; x_wconf 91' lang='lat' dir='ltr'><strong>metiri</strong></span> <span class='ocrx_word' id='word_1_220' title='bbox 1032 3267 1150 3340; x_wconf 89' lang='lat' dir='ltr'><strong>animo,</strong></span> <span class='ocrx_word' id='word_1_221' title='bbox 1173 3276 1209 3331; x_wconf 91' lang='lat' dir='ltr'><strong>ut</strong></span> <span class='ocrx_word' id='word_1_222' title='bbox 1232 3289 1380 3350; x_wconf 83' lang='lat' dir='ltr'><strong>augures,</strong></span> 
     </span>
     <span class='ocr_line' id='line_1_29' title="bbox 231 3369 1379 3453; baseline 0.001 -19"><span class='ocrx_word' id='word_1_223' title='bbox 231 3371 450 3453; x_wconf 91' lang='lat' dir='ltr'><strong>auspiciorum</strong></span> <span class='ocrx_word' id='word_1_224' title='bbox 473 3390 590 3434; x_wconf 88' lang='lat' dir='ltr'><strong>causa:</strong></span> <span class='ocrx_word' id='word_1_225' title='bbox 618 3370 675 3432; x_wconf 91' lang='lat' dir='ltr'><strong>sed</strong></span> <span class='ocrx_word' id='word_1_226' title='bbox 700 3369 829 3444; x_wconf 89' lang='lat' dir='ltr'><strong>intrare,</strong></span> <span class='ocrx_word' id='word_1_227' title='bbox 845 3379 883 3433; x_wconf 93' lang='lat' dir='ltr'><strong>ut</strong></span> <span class='ocrx_word' id='word_1_228' title='bbox 904 3370 1012 3445; x_wconf 89' lang='lat' dir='ltr'><strong>duces,</strong></span> <span class='ocrx_word' id='word_1_229' title='bbox 1028 3372 1236 3452; x_wconf 91' lang='lat' dir='ltr'><strong>promerendi</strong></span> <span class='ocrx_word' id='word_1_230' title='bbox 1259 3373 1379 3446; x_wconf 88' lang='lat' dir='ltr'><strong>studio,</strong></span> 
     </span>
     <span class='ocr_line' id='line_1_30' title="bbox 231 3475 442 3557; baseline -0.005 -20"><span class='ocrx_word' id='word_1_231' title='bbox 231 3475 442 3557; x_wconf 88' lang='lat' dir='ltr'><strong>suscepimus.</strong></span> 
     </span>
    </p>

    <p class='ocr_par' dir='ltr' id='par_1_6' title="bbox 505 3559 1106 3644">
     <span class='ocr_line' id='line_1_31' title="bbox 505 3559 1106 3644; baseline 0.005 -22"><span class='ocrx_word' id='word_1_232' title='bbox 505 3559 616 3642; x_wconf 82' lang='lat' dir='ltr'><strong>Atque</strong></span> <span class='ocrx_word' id='word_1_233' title='bbox 630 3559 707 3624; x_wconf 82' lang='lat' dir='ltr'><strong>haec</strong></span> <span class='ocrx_word' id='word_1_234' title='bbox 714 3561 829 3642; x_wconf 80' lang='lat' dir='ltr'><strong>prima</strong></span> <span class='ocrx_word' id='word_1_235' title='bbox 844 3562 947 3644; x_wconf 71' lang='lat' dir='ltr'><strong>operis</strong></span> <span class='ocrx_word' id='word_1_236' title='bbox 954 3571 1038 3643; x_wconf 85' lang='lat' dir='ltr'><strong>pars</strong></span> <span class='ocrx_word' id='word_1_237' title='bbox 1051 3571 1106 3626; x_wconf 85' lang='lat' dir='ltr'><strong>est.</strong></span> 
     </span>
    </p>

    <p class='ocr_par' dir='ltr' id='par_1_7' title="bbox 230 3683 1381 4600">
     <span class='ocr_line' id='line_1_32' title="bbox 276 3683 1380 3765; baseline 0.002 -20"><span class='ocrx_word' id='word_1_238' title='bbox 276 3683 377 3747; x_wconf 91' lang='lat' dir='ltr'><strong>Porro</strong></span> <span class='ocrx_word' id='word_1_239' title='bbox 400 3683 612 3765; x_wconf 87' lang='lat' dir='ltr'><strong>praetervecti</strong></span> <span class='ocrx_word' id='word_1_240' title='bbox 639 3691 726 3745; x_wconf 91' lang='lat' dir='ltr'><strong>artes</strong></span> <span class='ocrx_word' id='word_1_241' title='bbox 748 3691 884 3760; x_wconf 89' lang='lat' dir='ltr'><strong>veteres,</strong></span> <span class='ocrx_word' id='word_1_242' title='bbox 906 3683 1109 3748; x_wconf 89' lang='lat' dir='ltr'><strong>intellectum</strong></span> <span class='ocrx_word' id='word_1_243' title='bbox 1133 3683 1315 3747; x_wconf 87' lang='lat' dir='ltr'><strong>humanum</strong></span> <span class='ocrx_word' id='word_1_244' title='bbox 1337 3684 1380 3747; x_wconf 91' lang='lat' dir='ltr'><strong>ad</strong></span> 
     </span>
     <span class='ocr_line' id='line_1_33' title="bbox 231 3786 1381 3871; baseline 0.002 -22"><span class='ocrx_word' id='word_1_245' title='bbox 231 3787 458 3869; x_wconf 90' lang='lat' dir='ltr'><strong>trajiciendum</strong></span> <span class='ocrx_word' id='word_1_246' title='bbox 487 3788 691 3850; x_wconf 90' lang='lat' dir='ltr'><strong>instruemus.</strong></span> <span class='ocrx_word' id='word_1_247' title='bbox 738 3786 931 3850; x_wconf 88' lang='lat' dir='ltr'><strong>Destinatur</strong></span> <span class='ocrx_word' id='word_1_248' title='bbox 958 3788 1069 3869; x_wconf 89' lang='lat' dir='ltr'><strong>itaque</strong></span> <span class='ocrx_word' id='word_1_249' title='bbox 1096 3788 1181 3871; x_wconf 84' lang='lat' dir='ltr'><strong>parti</strong></span> <span class='ocrx_word' id='word_1_250' title='bbox 1208 3789 1381 3861; x_wconf 91' lang='lat' dir='ltr'><strong>secundae,</strong></span> 
     </span>
     <span class='ocr_line' id='line_1_34' title="bbox 230 3889 1380 3974; baseline -0.002 -20"><span class='ocrx_word' id='word_1_251' title='bbox 230 3892 381 3954; x_wconf 90' lang='lat' dir='ltr'><strong>doctrina</strong></span> <span class='ocrx_word' id='word_1_252' title='bbox 395 3892 438 3954; x_wconf 93' lang='lat' dir='ltr'><strong>de</strong></span> <span class='ocrx_word' id='word_1_253' title='bbox 454 3890 589 3953; x_wconf 90' lang='lat' dir='ltr'><strong>meliore</strong></span> <span class='ocrx_word' id='word_1_254' title='bbox 604 3898 638 3952; x_wconf 92' lang='lat' dir='ltr'><strong>et</strong></span> <span class='ocrx_word' id='word_1_255' title='bbox 656 3889 849 3974; x_wconf 81' lang='lat' dir='ltr'><strong>perfectiore</strong></span> <span class='ocrx_word' id='word_1_256' title='bbox 870 3909 930 3954; x_wconf 92' lang='lat' dir='ltr'><strong>usu</strong></span> <span class='ocrx_word' id='word_1_257' title='bbox 952 3891 1086 3953; x_wconf 90' lang='lat' dir='ltr'><strong>rationis</strong></span> <span class='ocrx_word' id='word_1_258' title='bbox 1103 3892 1134 3953; x_wconf 94' lang='lat' dir='ltr'><strong>in</strong></span> <span class='ocrx_word' id='word_1_259' title='bbox 1151 3911 1257 3954; x_wconf 91' lang='lat' dir='ltr'><strong>rerum</strong></span> <span class='ocrx_word' id='word_1_260' title='bbox 1274 3892 1380 3973; x_wconf 92' lang='lat' dir='ltr'><strong>inqui·</strong></span> 
     </span>
     <span class='ocr_line' id='line_1_35' title="bbox 230 3991 1379 4078; baseline 0.002 -22"><span class='ocrx_word' id='word_1_261' title='bbox 230 3995 347 4058; x_wconf 89' lang='lat' dir='ltr'><strong>sitione</strong></span> <span class='ocrx_word' id='word_1_262' title='bbox 370 4004 403 4057; x_wconf 90' lang='lat' dir='ltr'><strong>et</strong></span> <span class='ocrx_word' id='word_1_263' title='bbox 426 3996 469 4058; x_wconf 89' lang='lat' dir='ltr'><strong>de</strong></span> <span class='ocrx_word' id='word_1_264' title='bbox 491 3993 622 4057; x_wconf 91' lang='lat' dir='ltr'><strong>auxiliis</strong></span> <span class='ocrx_word' id='word_1_265' title='bbox 642 3995 725 4056; x_wconf 92' lang='lat' dir='ltr'><strong>veris</strong></span> <span class='ocrx_word' id='word_1_266' title='bbox 749 3993 950 4058; x_wconf 90' lang='lat' dir='ltr'><strong>intellectus:</strong></span> <span class='ocrx_word' id='word_1_267' title='bbox 979 4004 1014 4057; x_wconf 92' lang='lat' dir='ltr'><strong>ut</strong></span> <span class='ocrx_word' id='word_1_268' title='bbox 1038 4015 1095 4077; x_wconf 91' lang='lat' dir='ltr'><strong>per</strong></span> <span class='ocrx_word' id='word_1_269' title='bbox 1117 3994 1181 4059; x_wconf 93' lang='lat' dir='ltr'><strong>hoc</strong></span> <span class='ocrx_word' id='word_1_270' title='bbox 1203 3991 1379 4078; x_wconf 92' lang='lat' dir='ltr'><strong>(quantum</strong></span> 
     </span>
     <span class='ocr_line' id='line_1_36' title="bbox 230 4096 1379 4184; baseline -0.003 -21"><span class='ocrx_word' id='word_1_271' title='bbox 230 4100 375 4163; x_wconf 92' lang='lat' dir='ltr'><strong>conditio</strong></span> <span class='ocrx_word' id='word_1_272' title='bbox 398 4098 612 4163; x_wconf 88' lang='lat' dir='ltr'><strong>humanitatis</strong></span> <span class='ocrx_word' id='word_1_273' title='bbox 635 4118 673 4162; x_wconf 89' lang='lat' dir='ltr'><strong>ac</strong></span> <span class='ocrx_word' id='word_1_274' title='bbox 697 4099 908 4163; x_wconf 85' lang='lat' dir='ltr'><strong>mortalitatis</strong></span> <span class='ocrx_word' id='word_1_275' title='bbox 934 4096 1072 4184; x_wconf 84' lang='lat' dir='ltr'><strong>patitur)</strong></span> <span class='ocrx_word' id='word_1_276' title='bbox 1096 4098 1262 4162; x_wconf 90' lang='lat' dir='ltr'><strong>exaltetur</strong></span> <span class='ocrx_word' id='word_1_277' title='bbox 1285 4099 1379 4162; x_wconf 90' lang='lat' dir='ltr'><strong>intel-</strong></span> 
     </span>
     <span class='ocr_line' id='line_1_37' title="bbox 231 4202 1380 4287; baseline 0 -21"><span class='ocrx_word' id='word_1_278' title='bbox 231 4205 341 4278; x_wconf 89' lang='lat' dir='ltr'><strong>lectus,</strong></span> <span class='ocrx_word' id='word_1_279' title='bbox 360 4213 394 4267; x_wconf 91' lang='lat' dir='ltr'><strong>et</strong></span> <span class='ocrx_word' id='word_1_280' title='bbox 416 4204 570 4268; x_wconf 82' lang='lat' dir='ltr'><strong>facultate</strong></span> <span class='ocrx_word' id='word_1_281' title='bbox 592 4203 811 4287; x_wconf 86' lang='lat' dir='ltr'><strong>amplificetur</strong></span> <span class='ocrx_word' id='word_1_282' title='bbox 834 4205 876 4267; x_wconf 92' lang='lat' dir='ltr'><strong>ad</strong></span> <span class='ocrx_word' id='word_1_283' title='bbox 901 4213 1037 4266; x_wconf 90' lang='lat' dir='ltr'><strong>naturae</strong></span> <span class='ocrx_word' id='word_1_284' title='bbox 1060 4204 1162 4266; x_wconf 92' lang='lat' dir='ltr'><strong>ardua</strong></span> <span class='ocrx_word' id='word_1_285' title='bbox 1184 4213 1218 4266; x_wconf 91' lang='lat' dir='ltr'><strong>et</strong></span> <span class='ocrx_word' id='word_1_286' title='bbox 1239 4202 1380 4266; x_wconf 91' lang='lat' dir='ltr'><strong>obscura</strong></span> 
     </span>
     <span class='ocr_line' id='line_1_38' title="bbox 230 4305 1378 4391; baseline -0.003 -21"><span class='ocrx_word' id='word_1_287' title='bbox 230 4311 420 4391; x_wconf 86' lang='lat' dir='ltr'><strong>superanda.</strong></span> <span class='ocrx_word' id='word_1_288' title='bbox 465 4307 581 4390; x_wconf 90' lang='lat' dir='ltr'><strong>Atque</strong></span> <span class='ocrx_word' id='word_1_289' title='bbox 607 4317 657 4372; x_wconf 91' lang='lat' dir='ltr'><strong>est</strong></span> <span class='ocrx_word' id='word_1_290' title='bbox 684 4329 723 4372; x_wconf 90' lang='lat' dir='ltr'><strong>ea</strong></span> <span class='ocrx_word' id='word_1_291' title='bbox 750 4328 850 4390; x_wconf 88' lang='lat' dir='ltr'><strong>quam</strong></span> <span class='ocrx_word' id='word_1_292' title='bbox 882 4308 1076 4372; x_wconf 91' lang='lat' dir='ltr'><strong>adducimus</strong></span> <span class='ocrx_word' id='word_1_293' title='bbox 1103 4327 1156 4370; x_wconf 91' lang='lat' dir='ltr'><strong>ars</strong></span> <span class='ocrx_word' id='word_1_294' title='bbox 1182 4305 1296 4391; x_wconf 87' lang='lat' dir='ltr'><strong>(quam</strong></span> <span class='ocrx_word' id='word_1_295' title='bbox 1320 4306 1378 4368; x_wconf 89' lang='lat' dir='ltr'><strong>In-</strong></span> 
     </span>
     <span class='ocr_line' id='line_1_39' title="bbox 231 4409 1380 4496; baseline -0.001 -22"><span class='ocrx_word' id='word_1_296' title='bbox 231 4414 488 4494; x_wconf 77' lang='lat' dir='ltr'><strong>terpretatrbnem</strong></span> <span class='ocrx_word' id='word_1_297' title='bbox 520 4413 673 4477; x_wconf 80' lang='lat' dir='ltr'><strong>Naturae</strong></span> <span class='ocrx_word' id='word_1_298' title='bbox 705 4413 871 4496; x_wconf 89' lang='lat' dir='ltr'><strong>appellare</strong></span> <span class='ocrx_word' id='word_1_299' title='bbox 905 4409 1146 4496; x_wconf 85' lang='lat' dir='ltr'><strong>consuevimus)</strong></span> <span class='ocrx_word' id='word_1_300' title='bbox 1180 4431 1224 4473; x_wconf 91' lang='lat' dir='ltr'><strong>cx</strong></span> <span class='ocrx_word' id='word_1_301' title='bbox 1261 4431 1380 4493; x_wconf 90' lang='lat' dir='ltr'><strong>genere</strong></span> 
     </span>
     <span class='ocr_line' id='line_1_40' title="bbox 230 4515 1379 4600; baseline -0.003 -20"><span class='ocrx_word' id='word_1_302' title='bbox 230 4516 375 4600; x_wconf 90' lang='lat' dir='ltr'><strong>logicae;</strong></span> <span class='ocrx_word' id='word_1_303' title='bbox 413 4517 490 4582; x_wconf 93' lang='lat' dir='ltr'><strong>licet</strong></span> <span class='ocrx_word' id='word_1_304' title='bbox 523 4517 710 4600; x_wconf 90' lang='lat' dir='ltr'><strong>plurimum,</strong></span> <span class='ocrx_word' id='word_1_305' title='bbox 737 4529 837 4600; x_wconf 88' lang='lat' dir='ltr'><strong>atque</strong></span> <span class='ocrx_word' id='word_1_306' title='bbox 866 4518 951 4581; x_wconf 88' lang='lat' dir='ltr'><strong>adeo</strong></span> <span class='ocrx_word' id='word_1_307' title='bbox 983 4517 1179 4579; x_wconf 92' lang='lat' dir='ltr'><strong>immensum</strong></span> <span class='ocrx_word' id='word_1_308' title='bbox 1210 4515 1379 4597; x_wconf 92' lang='lat' dir='ltr'><strong>quiddam,</strong></span> 
     </span>
    </p>
   </div>
   <div class='ocr_carea' id='block_1_5' title="bbox 0 0 1676 5152">
    <p class='ocr_par' dir='ltr' id='par_1_8' title="bbox 0 0 1676 5152">
     <span class='ocr_line' id='line_1_41' title="bbox 0 0 1676 5152; baseline 0 0"><span class='ocrx_word' id='word_1_309' title='bbox 0 0 1676 5152; x_wconf 95' lang='lat' dir='ltr'><strong> </strong></span> 
     </span>
    </p>
   </div>
  </div>
 </body>
</html>
