<?xml version="1.0" encoding="UTF-8"?>
<!DOCTYPE html PUBLIC "-//W3C//DTD XHTML 1.0 Transitional//EN"
    "http://www.w3.org/TR/xhtml1/DTD/xhtml1-transitional.dtd">
<html xmlns="http://www.w3.org/1999/xhtml" xml:lang="en" lang="en">
 <head>
  <title>
</title>
<meta http-equiv="Content-Type" content="text/html;charset=utf-8" />
  <meta name='ocr-system' content='tesseract 3.04.00' />
  <meta name='ocr-capabilities' content='ocr_page ocr_carea ocr_par ocr_line ocrx_word'/>
</head>
<body>
  <div class='ocr_page' id='page_1' title='image "./baconsnovumorga00bacogoog/baconsnovumorga00bacogoog_0323.png"; bbox 0 0 3358 5152; ppageno 0'>
   <div class='ocr_carea' id='block_1_1' title="bbox 311 411 1087 493">
    <p class='ocr_par' dir='ltr' id='par_1_1' title="bbox 311 411 1087 493">
     <span class='ocr_line' id='line_1_1' title="bbox 311 411 1087 493; baseline -0.009 -18"><span class='ocrx_word' id='word_1_1' title='bbox 311 427 375 493; x_wconf 83' lang='lat'>294</span> <span class='ocrx_word' id='word_1_2' title='bbox 691 411 847 469; x_wconf 74' lang='lat' dir='ltr'>norun</span> <span class='ocrx_word' id='word_1_3' title='bbox 868 411 1087 469; x_wconf 73' lang='lat' dir='ltr'>oncenurr.</span> 
     </span>
    </p>
   </div>
   <div class='ocr_carea' id='block_1_2' title="bbox 309 573 1463 2744">
    <p class='ocr_par' dir='ltr' id='par_1_2' title="bbox 309 573 1463 2744">
     <span class='ocr_line' id='line_1_2' title="bbox 309 573 1459 664; baseline -0.005 -19"><span class='ocrx_word' id='word_1_4' title='bbox 309 583 415 646; x_wconf 88' lang='lat' dir='ltr'>tiones</span> <span class='ocrx_word' id='word_1_5' title='bbox 433 580 518 646; x_wconf 91' lang='lat' dir='ltr'>circa</span> <span class='ocrx_word' id='word_1_6' title='bbox 536 576 779 664; x_wconf 85' lang='lat' dir='ltr'>philosophiam</span> <span class='ocrx_word' id='word_1_7' title='bbox 794 577 827 640; x_wconf 92' lang='lat' dir='ltr'>in</span> <span class='ocrx_word' id='word_1_8' title='bbox 846 577 1036 659; x_wconf 86' lang='lat' dir='ltr'>religionem</span> <span class='ocrx_word' id='word_1_9' title='bbox 1056 575 1220 639; x_wconf 86' lang='lat' dir='ltr'>incurrant</span> <span class='ocrx_word' id='word_1_10' title='bbox 1241 595 1280 639; x_wconf 91' lang='lat' dir='ltr'>ac</span> <span class='ocrx_word' id='word_1_11' title='bbox 1298 573 1459 639; x_wconf 90' lang='lat' dir='ltr'>desinant.</span> 
     </span>
     <span class='ocr_line' id='line_1_3' title="bbox 309 679 1460 767; baseline -0.003 -19"><span class='ocrx_word' id='word_1_12' title='bbox 309 684 379 748; x_wconf 93' lang='lat' dir='ltr'>Alii</span> <span class='ocrx_word' id='word_1_13' title='bbox 411 685 552 767; x_wconf 89' lang='lat' dir='ltr'>denique</span> <span class='ocrx_word' id='word_1_14' title='bbox 582 682 711 749; x_wconf 84' lang='lat' dir='ltr'>solliciti</span> <span class='ocrx_word' id='word_1_15' title='bbox 739 683 900 756; x_wconf 90' lang='lat' dir='ltr'>videntur,</span> <span class='ocrx_word' id='word_1_16' title='bbox 933 701 975 744; x_wconf 90' lang='lat' dir='ltr'>ne</span> <span class='ocrx_word' id='word_1_17' title='bbox 1011 681 1044 744; x_wconf 90' lang='lat' dir='ltr'>in</span> <span class='ocrx_word' id='word_1_18' title='bbox 1079 690 1214 745; x_wconf 88' lang='lat' dir='ltr'>naturae</span> <span class='ocrx_word' id='word_1_19' title='bbox 1250 679 1460 762; x_wconf 84' lang='lat' dir='ltr'>inquisitione</span> 
     </span>
     <span class='ocr_line' id='line_1_4' title="bbox 309 781 1460 872; baseline -0.005 -19"><span class='ocrx_word' id='word_1_20' title='bbox 309 788 432 871; x_wconf 90' lang='lat' dir='ltr'>aliquid</span> <span class='ocrx_word' id='word_1_21' title='bbox 455 789 589 854; x_wconf 88' lang='lat' dir='ltr'>inveniri</span> <span class='ocrx_word' id='word_1_22' title='bbox 612 788 724 872; x_wconf 87' lang='lat' dir='ltr'>possit,</span> <span class='ocrx_word' id='word_1_23' title='bbox 747 788 838 870; x_wconf 92' lang='lat' dir='ltr'>quod</span> <span class='ocrx_word' id='word_1_24' title='bbox 861 785 1051 869; x_wconf 83' lang='lat' dir='ltr'>religionem</span> <span class='ocrx_word' id='word_1_25' title='bbox 1073 781 1276 869; x_wconf 86' lang='lat' dir='ltr'>(praesertim</span> <span class='ocrx_word' id='word_1_26' title='bbox 1299 785 1388 868; x_wconf 91' lang='lat' dir='ltr'>apud</span> <span class='ocrx_word' id='word_1_27' title='bbox 1411 785 1460 847; x_wconf 92' lang='lat' dir='ltr'>in-</span> 
     </span>
     <span class='ocr_line' id='line_1_5' title="bbox 309 889 1461 975; baseline -0.003 -19"><span class='ocrx_word' id='word_1_28' title='bbox 309 892 440 975; x_wconf 90' lang='lat' dir='ltr'>doctos)</span> <span class='ocrx_word' id='word_1_29' title='bbox 452 894 631 970; x_wconf 85' lang='lat' dir='ltr'>subvertat,</span> <span class='ocrx_word' id='word_1_30' title='bbox 640 903 699 956; x_wconf 91' lang='lat' dir='ltr'>aut</span> <span class='ocrx_word' id='word_1_31' title='bbox 708 891 827 956; x_wconf 91' lang='lat' dir='ltr'>saltem</span> <span class='ocrx_word' id='word_1_32' title='bbox 839 891 1024 955; x_wconf 84' lang='lat' dir='ltr'>labefactet.</span> <span class='ocrx_word' id='word_1_33' title='bbox 1056 889 1106 953; x_wconf 93' lang='lat' dir='ltr'>At</span> <span class='ocrx_word' id='word_1_34' title='bbox 1119 889 1171 953; x_wconf 89' lang='lat' dir='ltr'>isti</span> <span class='ocrx_word' id='word_1_35' title='bbox 1184 891 1252 954; x_wconf 89' lang='lat' dir='ltr'>duo</span> <span class='ocrx_word' id='word_1_36' title='bbox 1263 889 1461 972; x_wconf 73' lang='lat' dir='ltr'>posteriores</span> 
     </span>
     <span class='ocr_line' id='line_1_6' title="bbox 310 993 1461 1078; baseline -0.003 -18"><span class='ocrx_word' id='word_1_37' title='bbox 310 1006 418 1060; x_wconf 90' lang='lat' dir='ltr'>metus</span> <span class='ocrx_word' id='word_1_38' title='bbox 444 997 540 1060; x_wconf 91' lang='lat' dir='ltr'>nobis</span> <span class='ocrx_word' id='word_1_39' title='bbox 565 997 718 1060; x_wconf 91' lang='lat' dir='ltr'>videntur</span> <span class='ocrx_word' id='word_1_40' title='bbox 742 997 878 1060; x_wconf 90' lang='lat' dir='ltr'>omnino</span> <span class='ocrx_word' id='word_1_41' title='bbox 904 994 1099 1078; x_wconf 90' lang='lat' dir='ltr'>sapientiam</span> <span class='ocrx_word' id='word_1_42' title='bbox 1125 993 1299 1058; x_wconf 90' lang='lat' dir='ltr'>animalem</span> <span class='ocrx_word' id='word_1_43' title='bbox 1325 1013 1461 1076; x_wconf 86' lang='lat' dir='ltr'>sapere:</span> 
     </span>
     <span class='ocr_line' id='line_1_7' title="bbox 310 1097 1461 1180; baseline -0.003 -16"><span class='ocrx_word' id='word_1_44' title='bbox 310 1121 349 1164; x_wconf 90' lang='lat' dir='ltr'>ac</span> <span class='ocrx_word' id='word_1_45' title='bbox 364 1101 391 1164; x_wconf 90' lang='lat' dir='ltr'>si</span> <span class='ocrx_word' id='word_1_46' title='bbox 405 1101 563 1173; x_wconf 79' lang='lat' dir='ltr'>homines,</span> <span class='ocrx_word' id='word_1_47' title='bbox 580 1101 613 1164; x_wconf 90' lang='lat' dir='ltr'>in</span> <span class='ocrx_word' id='word_1_48' title='bbox 629 1100 748 1165; x_wconf 91' lang='lat' dir='ltr'>mentis</span> <span class='ocrx_word' id='word_1_49' title='bbox 763 1120 843 1164; x_wconf 89' lang='lat' dir='ltr'>suae</span> <span class='ocrx_word' id='word_1_50' title='bbox 858 1099 1039 1164; x_wconf 87' lang='lat' dir='ltr'>recessibus</span> <span class='ocrx_word' id='word_1_51' title='bbox 1053 1108 1088 1162; x_wconf 92' lang='lat' dir='ltr'>et</span> <span class='ocrx_word' id='word_1_52' title='bbox 1105 1098 1238 1163; x_wconf 91' lang='lat' dir='ltr'>secretis</span> <span class='ocrx_word' id='word_1_53' title='bbox 1253 1097 1461 1180; x_wconf 88' lang='lat' dir='ltr'>cogitationi-</span> 
     </span>
     <span class='ocr_line' id='line_1_8' title="bbox 310 1201 1462 1286; baseline -0.003 -18"><span class='ocrx_word' id='word_1_54' title='bbox 310 1205 381 1278; x_wconf 87' lang='lat' dir='ltr'>bus,</span> <span class='ocrx_word' id='word_1_55' title='bbox 412 1206 453 1269; x_wconf 92' lang='lat' dir='ltr'>de</span> <span class='ocrx_word' id='word_1_56' title='bbox 483 1204 683 1269; x_wconf 88' lang='lat' dir='ltr'>firmitudine</span> <span class='ocrx_word' id='word_1_57' title='bbox 715 1203 879 1286; x_wconf 88' lang='lat' dir='ltr'>religionis</span> <span class='ocrx_word' id='word_1_58' title='bbox 914 1213 948 1268; x_wconf 91' lang='lat' dir='ltr'>et</span> <span class='ocrx_word' id='word_1_59' title='bbox 981 1201 1058 1266; x_wconf 89' lang='lat' dir='ltr'>fidei</span> <span class='ocrx_word' id='word_1_60' title='bbox 1093 1202 1126 1265; x_wconf 89' lang='lat' dir='ltr'>in</span> <span class='ocrx_word' id='word_1_61' title='bbox 1161 1221 1293 1266; x_wconf 90' lang='lat' dir='ltr'>sensum</span> <span class='ocrx_word' id='word_1_62' title='bbox 1326 1202 1462 1282; x_wconf 88' lang='lat' dir='ltr'>imperio</span> 
     </span>
     <span class='ocr_line' id='line_1_9' title="bbox 310 1306 1462 1391; baseline -0.003 -19"><span class='ocrx_word' id='word_1_63' title='bbox 310 1308 496 1373; x_wconf 88' lang='lat' dir='ltr'>diffiderent</span> <span class='ocrx_word' id='word_1_64' title='bbox 511 1328 551 1373; x_wconf 89' lang='lat' dir='ltr'>ac</span> <span class='ocrx_word' id='word_1_65' title='bbox 565 1307 771 1384; x_wconf 83' lang='lat' dir='ltr'>dubitarent3</span> <span class='ocrx_word' id='word_1_66' title='bbox 794 1316 827 1370; x_wconf 88' lang='lat' dir='ltr'>et</span> <span class='ocrx_word' id='word_1_67' title='bbox 843 1317 1017 1391; x_wconf 88' lang='lat' dir='ltr'>propterea</span> <span class='ocrx_word' id='word_1_68' title='bbox 1031 1308 1075 1371; x_wconf 91' lang='lat' dir='ltr'>ab</span> <span class='ocrx_word' id='word_1_69' title='bbox 1091 1306 1300 1389; x_wconf 88' lang='lat' dir='ltr'>inquisitione</span> <span class='ocrx_word' id='word_1_70' title='bbox 1315 1306 1462 1369; x_wconf 89' lang='lat' dir='ltr'>veritatis</span> 
     </span>
     <span class='ocr_line' id='line_1_10' title="bbox 311 1408 1461 1496; baseline -0.003 -20"><span class='ocrx_word' id='word_1_71' title='bbox 311 1413 344 1476; x_wconf 92' lang='lat' dir='ltr'>in</span> <span class='ocrx_word' id='word_1_72' title='bbox 364 1414 567 1476; x_wconf 89' lang='lat' dir='ltr'>naturalibus</span> <span class='ocrx_word' id='word_1_73' title='bbox 585 1412 767 1496; x_wconf 88' lang='lat' dir='ltr'>periculum</span> <span class='ocrx_word' id='word_1_74' title='bbox 787 1411 850 1476; x_wconf 92' lang='lat' dir='ltr'>illis</span> <span class='ocrx_word' id='word_1_75' title='bbox 871 1412 1062 1495; x_wconf 87' lang='lat' dir='ltr'>impendere</span> <span class='ocrx_word' id='word_1_76' title='bbox 1081 1419 1271 1475; x_wconf 88' lang='lat' dir='ltr'>metuerent.</span> <span class='ocrx_word' id='word_1_77' title='bbox 1316 1408 1367 1472; x_wconf 91' lang='lat' dir='ltr'>At</span> <span class='ocrx_word' id='word_1_78' title='bbox 1384 1429 1461 1472; x_wconf 89' lang='lat' dir='ltr'>vere</span> 
     </span>
     <span class='ocr_line' id='line_1_11' title="bbox 310 1513 1461 1601; baseline -0.003 -22"><span class='ocrx_word' id='word_1_79' title='bbox 310 1536 379 1579; x_wconf 90' lang='lat' dir='ltr'>rem</span> <span class='ocrx_word' id='word_1_80' title='bbox 403 1517 576 1601; x_wconf 89' lang='lat' dir='ltr'>reputanti,</span> <span class='ocrx_word' id='word_1_81' title='bbox 592 1515 801 1601; x_wconf 88' lang='lat' dir='ltr'>philosophia</span> <span class='ocrx_word' id='word_1_82' title='bbox 818 1515 985 1592; x_wconf 89' lang='lat' dir='ltr'>naturalis,</span> <span class='ocrx_word' id='word_1_83' title='bbox 1004 1524 1080 1598; x_wconf 92' lang='lat' dir='ltr'>post</span> <span class='ocrx_word' id='word_1_84' title='bbox 1099 1514 1235 1578; x_wconf 90' lang='lat' dir='ltr'>verbum</span> <span class='ocrx_word' id='word_1_85' title='bbox 1257 1513 1332 1590; x_wconf 90' lang='lat' dir='ltr'>Dei,</span> <span class='ocrx_word' id='word_1_86' title='bbox 1350 1513 1461 1577; x_wconf 88' lang='lat' dir='ltr'>certis·</span> 
     </span>
     <span class='ocr_line' id='line_1_12' title="bbox 311 1616 1461 1704; baseline -0.004 -19"><span class='ocrx_word' id='word_1_87' title='bbox 311 1621 394 1685; x_wconf 91' lang='lat' dir='ltr'>sima</span> <span class='ocrx_word' id='word_1_88' title='bbox 420 1621 660 1704; x_wconf 86' lang='lat' dir='ltr'>superstitionis</span> <span class='ocrx_word' id='word_1_89' title='bbox 687 1621 850 1685; x_wconf 91' lang='lat' dir='ltr'>medicina</span> <span class='ocrx_word' id='word_1_90' title='bbox 877 1629 947 1697; x_wconf 85' lang='lat' dir='ltr'>est3</span> <span class='ocrx_word' id='word_1_91' title='bbox 984 1619 1168 1701; x_wconf 89' lang='lat' dir='ltr'>eademque</span> <span class='ocrx_word' id='word_1_92' title='bbox 1193 1616 1461 1700; x_wconf 89' lang='lat' dir='ltr'>probatissimum</span> 
     </span>
     <span class='ocr_line' id='line_1_13' title="bbox 311 1723 1461 1808; baseline -0.003 -21"><span class='ocrx_word' id='word_1_93' title='bbox 311 1724 388 1788; x_wconf 87' lang='lat' dir='ltr'>fidei</span> <span class='ocrx_word' id='word_1_94' title='bbox 414 1725 617 1789; x_wconf 89' lang='lat' dir='ltr'>alimentum.</span> <span class='ocrx_word' id='word_1_95' title='bbox 663 1725 780 1808; x_wconf 91' lang='lat' dir='ltr'>ltaque</span> <span class='ocrx_word' id='word_1_96' title='bbox 813 1724 930 1788; x_wconf 90' lang='lat' dir='ltr'>merito</span> <span class='ocrx_word' id='word_1_97' title='bbox 958 1723 1105 1804; x_wconf 87' lang='lat' dir='ltr'>religioni</span> <span class='ocrx_word' id='word_1_98' title='bbox 1135 1724 1277 1786; x_wconf 90' lang='lat' dir='ltr'>donatur</span> <span class='ocrx_word' id='word_1_99' title='bbox 1302 1731 1461 1803; x_wconf 90' lang='lat' dir='ltr'>tanquam</span> 
     </span>
     <span class='ocr_line' id='line_1_14' title="bbox 312 1826 1461 1910; baseline -0.001 -20"><span class='ocrx_word' id='word_1_100' title='bbox 312 1826 470 1892; x_wconf 90' lang='lat' dir='ltr'>fidissima</span> <span class='ocrx_word' id='word_1_101' title='bbox 489 1829 628 1893; x_wconf 87' lang='lat' dir='ltr'>ancilla:</span> <span class='ocrx_word' id='word_1_102' title='bbox 651 1849 726 1894; x_wconf 92' lang='lat' dir='ltr'>cum</span> <span class='ocrx_word' id='word_1_103' title='bbox 745 1829 848 1893; x_wconf 88' lang='lat' dir='ltr'>altera</span> <span class='ocrx_word' id='word_1_104' title='bbox 867 1827 1072 1892; x_wconf 91' lang='lat' dir='ltr'>voluntatem</span> <span class='ocrx_word' id='word_1_105' title='bbox 1095 1827 1168 1900; x_wconf 89' lang='lat' dir='ltr'>Dei,</span> <span class='ocrx_word' id='word_1_106' title='bbox 1191 1827 1296 1890; x_wconf 87' lang='lat' dir='ltr'>altera</span> <span class='ocrx_word' id='word_1_107' title='bbox 1314 1835 1461 1910; x_wconf 89' lang='lat' dir='ltr'>potesta-</span> 
     </span>
     <span class='ocr_line' id='line_1_15' title="bbox 311 1931 1462 2016; baseline 0 -22"><span class='ocrx_word' id='word_1_108' title='bbox 311 1942 379 1996; x_wconf 87' lang='lat' dir='ltr'>tem</span> <span class='ocrx_word' id='word_1_109' title='bbox 396 1933 582 1996; x_wconf 77' lang='lat' dir='ltr'>manifestet</span> <span class='ocrx_word' id='word_1_110' title='bbox 593 1932 628 1995; x_wconf 56' lang='grc' dir='ltr'>ω.</span> <span class='ocrx_word' id='word_1_111' title='bbox 674 1935 792 2016; x_wconf 90' lang='lat' dir='ltr'>Neque</span> <span class='ocrx_word' id='word_1_112' title='bbox 808 1933 894 1996; x_wconf 86' lang='lat' dir='ltr'>enim</span> <span class='ocrx_word' id='word_1_113' title='bbox 911 1933 1030 1996; x_wconf 91' lang='lat' dir='ltr'>erravit</span> <span class='ocrx_word' id='word_1_114' title='bbox 1047 1931 1117 2010; x_wconf 93' lang='lat' dir='ltr'>Ille,</span> <span class='ocrx_word' id='word_1_115' title='bbox 1128 1932 1185 2014; x_wconf 92' lang='lat' dir='ltr'>qui</span> <span class='ocrx_word' id='word_1_116' title='bbox 1201 1931 1310 2007; x_wconf 81' lang='lat' dir='ltr'>dixit3</span> <span class='ocrx_word' id='word_1_117' title='bbox 1332 1931 1462 2007; x_wconf 84' lang='lat' dir='ltr'>erratis,</span> 
     </span>
     <span class='ocr_line' id='line_1_16' title="bbox 311 2035 1463 2120; baseline -0.002 -20"><span class='ocrx_word' id='word_1_118' title='bbox 311 2037 482 2100; x_wconf 82' lang='lat' dir='ltr'>nescientes</span> <span class='ocrx_word' id='word_1_119' title='bbox 507 2037 699 2120; x_wconf 84' lang='lat' dir='ltr'>Scripturas</span> <span class='ocrx_word' id='word_1_120' title='bbox 719 2046 752 2101; x_wconf 84' lang='lat' dir='ltr'>et</span> <span class='ocrx_word' id='word_1_121' title='bbox 767 2045 958 2120; x_wconf 80' lang='lat' dir='ltr'>potestatem</span> <span class='ocrx_word' id='word_1_122' title='bbox 980 2035 1104 2099; x_wconf 80' lang='lat' dir='ltr'>Dei⁶⁰r</span> <span class='ocrx_word' id='word_1_123' title='bbox 1135 2035 1397 2099; x_wconf 81' lang='lat' dir='ltr'>informationem</span> <span class='ocrx_word' id='word_1_124' title='bbox 1420 2035 1463 2098; x_wconf 91' lang='lat' dir='ltr'>de</span> 
     </span>
     <span class='ocr_line' id='line_1_17' title="bbox 309 2139 1461 2224; baseline -0.002 -22"><span class='ocrx_word' id='word_1_125' title='bbox 309 2139 481 2203; x_wconf 90' lang='lat' dir='ltr'>voluntate</span> <span class='ocrx_word' id='word_1_126' title='bbox 499 2150 534 2204; x_wconf 91' lang='lat' dir='ltr'>et</span> <span class='ocrx_word' id='word_1_127' title='bbox 555 2141 803 2205; x_wconf 86' lang='lat' dir='ltr'>meditationem</span> <span class='ocrx_word' id='word_1_128' title='bbox 824 2141 866 2204; x_wconf 96' lang='lat' dir='ltr'>de</span> <span class='ocrx_word' id='word_1_129' title='bbox 890 2149 1054 2224; x_wconf 89' lang='lat' dir='ltr'>potestate</span> <span class='ocrx_word' id='word_1_130' title='bbox 1074 2159 1163 2203; x_wconf 89' lang='lat' dir='ltr'>nexu</span> <span class='ocrx_word' id='word_1_131' title='bbox 1184 2140 1353 2204; x_wconf 87' lang='lat' dir='ltr'>individuo</span> <span class='ocrx_word' id='word_1_132' title='bbox 1374 2158 1461 2202; x_wconf 89' lang='lat' dir='ltr'>com-</span> 
     </span>
     <span class='ocr_line' id='line_1_18' title="bbox 312 2243 1463 2329; baseline -0.001 -21"><span class='ocrx_word' id='word_1_133' title='bbox 312 2245 452 2308; x_wconf 91' lang='lat' dir='ltr'>miscens</span> <span class='ocrx_word' id='word_1_134' title='bbox 476 2254 510 2308; x_wconf 90' lang='lat' dir='ltr'>et</span> <span class='ocrx_word' id='word_1_135' title='bbox 532 2245 700 2329; x_wconf 89' lang='lat' dir='ltr'>copulans.</span> <span class='ocrx_word' id='word_1_136' title='bbox 746 2245 881 2308; x_wconf 91' lang='lat' dir='ltr'>Interim</span> <span class='ocrx_word' id='word_1_137' title='bbox 909 2245 1015 2307; x_wconf 90' lang='lat' dir='ltr'>minus</span> <span class='ocrx_word' id='word_1_138' title='bbox 1037 2243 1155 2307; x_wconf 90' lang='lat' dir='ltr'>mirum</span> <span class='ocrx_word' id='word_1_139' title='bbox 1178 2253 1227 2307; x_wconf 90' lang='lat' dir='ltr'>est</span> <span class='ocrx_word' id='word_1_140' title='bbox 1253 2243 1280 2306; x_wconf 91' lang='lat' dir='ltr'>si</span> <span class='ocrx_word' id='word_1_141' title='bbox 1307 2243 1463 2307; x_wconf 87' lang='lat' dir='ltr'>naturalis</span> 
     </span>
     <span class='ocr_line' id='line_1_19' title="bbox 311 2347 1462 2432; baseline -0.002 -20"><span class='ocrx_word' id='word_1_142' title='bbox 311 2347 542 2432; x_wconf 89' lang='lat' dir='ltr'>philosophiae</span> <span class='ocrx_word' id='word_1_143' title='bbox 576 2351 778 2414; x_wconf 90' lang='lat' dir='ltr'>incrementa</span> <span class='ocrx_word' id='word_1_144' title='bbox 815 2347 961 2413; x_wconf 89' lang='lat' dir='ltr'>cohibita</span> <span class='ocrx_word' id='word_1_145' title='bbox 994 2349 1079 2424; x_wconf 82' lang='lat' dir='ltr'>sint3</span> <span class='ocrx_word' id='word_1_146' title='bbox 1116 2368 1191 2414; x_wconf 91' lang='lat' dir='ltr'>cum</span> <span class='ocrx_word' id='word_1_147' title='bbox 1225 2347 1348 2429; x_wconf 89' lang='lat' dir='ltr'>religio,</span> <span class='ocrx_word' id='word_1_148' title='bbox 1378 2367 1462 2430; x_wconf 88' lang='lat' dir='ltr'>quae</span> 
     </span>
     <span class='ocr_line' id='line_1_20' title="bbox 310 2450 1461 2537; baseline -0.002 -21"><span class='ocrx_word' id='word_1_149' title='bbox 310 2452 489 2537; x_wconf 90' lang='lat' dir='ltr'>plurimum</span> <span class='ocrx_word' id='word_1_150' title='bbox 511 2455 600 2536; x_wconf 87' lang='lat' dir='ltr'>apud</span> <span class='ocrx_word' id='word_1_151' title='bbox 623 2453 751 2518; x_wconf 91' lang='lat' dir='ltr'>animos</span> <span class='ocrx_word' id='word_1_152' title='bbox 772 2451 943 2516; x_wconf 91' lang='lat' dir='ltr'>hominum</span> <span class='ocrx_word' id='word_1_153' title='bbox 963 2450 1074 2536; x_wconf 90' lang='lat' dir='ltr'>pollet,</span> <span class='ocrx_word' id='word_1_154' title='bbox 1094 2473 1153 2534; x_wconf 92' lang='lat' dir='ltr'>per</span> <span class='ocrx_word' id='word_1_155' title='bbox 1174 2453 1380 2533; x_wconf 90' lang='lat' dir='ltr'>quorundam</span> <span class='ocrx_word' id='word_1_156' title='bbox 1400 2452 1461 2514; x_wconf 90' lang='lat' dir='ltr'>im-</span> 
     </span>
     <span class='ocr_line' id='line_1_21' title="bbox 311 2555 1463 2640; baseline -0.004 -18"><span class='ocrx_word' id='word_1_157' title='bbox 311 2558 460 2640; x_wconf 89' lang='lat' dir='ltr'>peritiam</span> <span class='ocrx_word' id='word_1_158' title='bbox 483 2566 517 2620; x_wconf 92' lang='lat' dir='ltr'>et</span> <span class='ocrx_word' id='word_1_159' title='bbox 540 2557 645 2621; x_wconf 91' lang='lat' dir='ltr'>zelum</span> <span class='ocrx_word' id='word_1_160' title='bbox 674 2558 841 2622; x_wconf 90' lang='lat' dir='ltr'>incautum</span> <span class='ocrx_word' id='word_1_161' title='bbox 868 2557 902 2620; x_wconf 92' lang='lat' dir='ltr'>in</span> <span class='ocrx_word' id='word_1_162' title='bbox 924 2567 1053 2640; x_wconf 91' lang='lat' dir='ltr'>partem</span> <span class='ocrx_word' id='word_1_163' title='bbox 1076 2556 1275 2621; x_wconf 89' lang='lat' dir='ltr'>contrariam</span> <span class='ocrx_word' id='word_1_164' title='bbox 1298 2555 1463 2621; x_wconf 86' lang='lat' dir='ltr'>transierit</span> 
     </span>
     <span class='ocr_line' id='line_1_22' title="bbox 312 2660 616 2744; baseline -0.01 -18"><span class='ocrx_word' id='word_1_165' title='bbox 312 2671 346 2725; x_wconf 91' lang='lat' dir='ltr'>et</span> <span class='ocrx_word' id='word_1_166' title='bbox 360 2662 497 2744; x_wconf 91' lang='lat' dir='ltr'>abrepta</span> <span class='ocrx_word' id='word_1_167' title='bbox 513 2660 616 2726; x_wconf 89' lang='lat' dir='ltr'>fuerit.</span> 
     </span>
    </p>
   </div>
   <div class='ocr_carea' id='block_1_3' title="bbox 832 2809 907 2876">
    <p class='ocr_par' dir='ltr' id='par_1_3' title="bbox 832 2809 907 2876">
     <span class='ocr_line' id='line_1_23' title="bbox 832 2809 907 2876; baseline 0.013 -1"><span class='ocrx_word' id='word_1_168' title='bbox 832 2809 907 2876; x_wconf 91' lang='lat' dir='ltr'>XC.</span> 
     </span>
    </p>
   </div>
   <div class='ocr_carea' id='block_1_4' title="bbox 311 2974 1463 3268">
    <p class='ocr_par' dir='ltr' id='par_1_4' title="bbox 311 2974 1463 3268">
     <span class='ocr_line' id='line_1_24' title="bbox 356 2974 1463 3053; baseline -0.001 -14"><span class='ocrx_word' id='word_1_169' title='bbox 356 2975 482 3040; x_wconf 90' lang='lat' dir='ltr'>Rursus</span> <span class='ocrx_word' id='word_1_170' title='bbox 508 2977 541 3039; x_wconf 93' lang='lat' dir='ltr'>in</span> <span class='ocrx_word' id='word_1_171' title='bbox 569 2975 714 3040; x_wconf 90' lang='lat' dir='ltr'>moribus</span> <span class='ocrx_word' id='word_1_172' title='bbox 740 2985 775 3040; x_wconf 92' lang='lat' dir='ltr'>et</span> <span class='ocrx_word' id='word_1_173' title='bbox 804 2974 965 3039; x_wconf 90' lang='lat' dir='ltr'>institutis</span> <span class='ocrx_word' id='word_1_174' title='bbox 990 2974 1187 3053; x_wconf 91' lang='lat' dir='ltr'>scholarum,</span> <span class='ocrx_word' id='word_1_175' title='bbox 1213 2976 1463 3050; x_wconf 89' lang='lat' dir='ltr'>academiarum,</span> 
     </span>
     <span class='ocr_line' id='line_1_25' title="bbox 312 3078 1462 3164; baseline -0.001 -21"><span class='ocrx_word' id='word_1_176' title='bbox 312 3078 536 3164; x_wconf 88' lang='lat' dir='ltr'>collegiorum,</span> <span class='ocrx_word' id='word_1_177' title='bbox 549 3091 581 3144; x_wconf 90' lang='lat' dir='ltr'>et</span> <span class='ocrx_word' id='word_1_178' title='bbox 593 3079 748 3145; x_wconf 92' lang='lat' dir='ltr'>similium</span> <span class='ocrx_word' id='word_1_179' title='bbox 765 3091 996 3157; x_wconf 90' lang='lat' dir='ltr'>conventuum,</span> <span class='ocrx_word' id='word_1_180' title='bbox 1009 3101 1093 3162; x_wconf 88' lang='lat' dir='ltr'>quae</span> <span class='ocrx_word' id='word_1_181' title='bbox 1105 3081 1279 3144; x_wconf 91' lang='lat' dir='ltr'>doctorum</span> <span class='ocrx_word' id='word_1_182' title='bbox 1292 3080 1462 3143; x_wconf 90' lang='lat' dir='ltr'>hominurn</span> 
     </span>
     <span class='ocr_line' id='line_1_26' title="bbox 311 3183 1463 3268; baseline -0.001 -20"><span class='ocrx_word' id='word_1_183' title='bbox 311 3183 445 3248; x_wconf 88' lang='lat' dir='ltr'>sedibus</span> <span class='ocrx_word' id='word_1_184' title='bbox 473 3192 507 3246; x_wconf 90' lang='lat' dir='ltr'>et</span> <span class='ocrx_word' id='word_1_185' title='bbox 536 3184 725 3249; x_wconf 90' lang='lat' dir='ltr'>eruditionis</span> <span class='ocrx_word' id='word_1_186' title='bbox 755 3183 902 3248; x_wconf 89' lang='lat' dir='ltr'>culturae</span> <span class='ocrx_word' id='word_1_187' title='bbox 932 3185 1098 3249; x_wconf 89' lang='lat' dir='ltr'>destinata</span> <span class='ocrx_word' id='word_1_188' title='bbox 1130 3193 1217 3260; x_wconf 93' lang='lat' dir='ltr'>sunt,</span> <span class='ocrx_word' id='word_1_189' title='bbox 1248 3186 1358 3248; x_wconf 91' lang='lat' dir='ltr'>omnia</span> <span class='ocrx_word' id='word_1_190' title='bbox 1388 3205 1463 3268; x_wconf 90' lang='lat' dir='ltr'>pro-</span> 
     </span>
    </p>
   </div>
   <div class='ocr_carea' id='block_1_5' title="bbox 278 3420 1466 4578">
    <p class='ocr_par' dir='ltr' id='par_1_5' title="bbox 278 3420 1465 3822">
     <span class='ocr_line' id='line_1_27' title="bbox 310 3420 1463 3494; baseline -0.001 -17"><span class='ocrx_word' id='word_1_191' title='bbox 310 3423 358 3494; x_wconf 92' lang='lat' dir='ltr'>qui</span> <span class='ocrx_word' id='word_1_192' title='bbox 377 3431 523 3477; x_wconf 87' lang='lat' dir='ltr'>autumant</span> <span class='ocrx_word' id='word_1_193' title='bbox 542 3420 656 3476; x_wconf 89' lang='lat' dir='ltr'>nimiam</span> <span class='ocrx_word' id='word_1_194' title='bbox 676 3421 822 3477; x_wconf 87' lang='lat' dir='ltr'>scientiam</span> <span class='ocrx_word' id='word_1_195' title='bbox 841 3423 976 3479; x_wconf 90' lang='lat' dir='ltr'>inclinare</span> <span class='ocrx_word' id='word_1_196' title='bbox 994 3434 1118 3479; x_wconf 87' lang='lat' dir='ltr'>mentem</span> <span class='ocrx_word' id='word_1_197' title='bbox 1136 3424 1165 3477; x_wconf 92' lang='lat' dir='ltr'>in</span> <span class='ocrx_word' id='word_1_198' title='bbox 1183 3423 1361 3490; x_wconf 90' lang='lat' dir='ltr'>atheismum,</span> <span class='ocrx_word' id='word_1_199' title='bbox 1383 3422 1463 3492; x_wconf 91' lang='lat' dir='ltr'>igno·</span> 
     </span>
     <span class='ocr_line' id='line_1_28' title="bbox 311 3505 1465 3578; baseline -0.001 -18"><span class='ocrx_word' id='word_1_200' title='bbox 311 3505 485 3576; x_wconf 86' lang='lat' dir='ltr'>rantiarnque</span> <span class='ocrx_word' id='word_1_201' title='bbox 495 3505 679 3560; x_wconf 89' lang='lat' dir='ltr'>secundarum</span> <span class='ocrx_word' id='word_1_202' title='bbox 687 3522 834 3560; x_wconf 88' lang='lat' dir='ltr'>causarum</span> <span class='ocrx_word' id='word_1_203' title='bbox 845 3506 940 3576; x_wconf 90' lang='lat' dir='ltr'>pietati</span> <span class='ocrx_word' id='word_1_204' title='bbox 950 3525 1015 3577; x_wconf 89' lang='lat' dir='ltr'>erga</span> <span class='ocrx_word' id='word_1_205' title='bbox 1025 3507 1145 3578; x_wconf 90' lang='lat' dir='ltr'>primam</span> <span class='ocrx_word' id='word_1_206' title='bbox 1153 3506 1337 3572; x_wconf 87' lang='lat' dir='ltr'>obstetricari,</span> <span class='ocrx_word' id='word_1_207' title='bbox 1347 3505 1465 3561; x_wconf 91' lang='lat' dir='ltr'>libenter</span> 
     </span>
     <span class='ocr_line' id='line_1_29' title="bbox 311 3588 1464 3661; baseline -0.002 -17"><span class='ocrx_word' id='word_1_208' title='bbox 311 3590 508 3659; x_wconf 88' lang='lat' dir='ltr'>compellarem</span> <span class='ocrx_word' id='word_1_209' title='bbox 519 3588 583 3659; x_wconf 90' lang='lat' dir='ltr'>Jobi</span> <span class='ocrx_word' id='word_1_210' title='bbox 596 3588 768 3658; x_wconf 88' lang='lat' dir='ltr'>quaestione,</span> <span class='ocrx_word' id='word_1_211' title='bbox 780 3591 831 3644; x_wconf 81' lang='lat' dir='ltr'>An</span> <span class='ocrx_word' id='word_1_212' title='bbox 844 3595 970 3660; x_wconf 74' lang='lat' dir='ltr'>oporteat</span> <span class='ocrx_word' id='word_1_213' title='bbox 982 3593 1101 3644; x_wconf 73' lang='lat' dir='ltr'>mentiri</span> <span class='ocrx_word' id='word_1_214' title='bbox 1105 3595 1162 3661; x_wconf 78' lang='lat' dir='ltr'>pro</span> <span class='ocrx_word' id='word_1_215' title='bbox 1174 3592 1242 3657; x_wconf 85' lang='lat' dir='ltr'>Deo,</span> <span class='ocrx_word' id='word_1_216' title='bbox 1255 3597 1283 3643; x_wconf 84' lang='lat' dir='ltr'>et</span> <span class='ocrx_word' id='word_1_217' title='bbox 1293 3591 1355 3661; x_wconf 86' lang='lat' dir='ltr'>ejus</span> <span class='ocrx_word' id='word_1_218' title='bbox 1362 3591 1464 3661; x_wconf 81' lang='lat' dir='ltr'>gratia</span> 
     </span>
     <span class='ocr_line' id='line_1_30' title="bbox 278 3672 1464 3746; baseline 0.001 -20"><span class='ocrx_word' id='word_1_219' title='bbox 278 3672 282 3679; x_wconf 86' lang='lat'><em>&#39;</em></span> <span class='ocrx_word' id='word_1_220' title='bbox 310 3673 407 3727; x_wconf 85' lang='lat' dir='ltr'>delum</span> <span class='ocrx_word' id='word_1_221' title='bbox 420 3673 500 3742; x_wconf 85' lang='lat' dir='ltr'>loqui</span> <span class='ocrx_word' id='word_1_222' title='bbox 510 3675 667 3740; x_wconf 83' lang='lat' dir='ltr'>conveniat,</span> <span class='ocrx_word' id='word_1_223' title='bbox 680 3679 714 3726; x_wconf 82' lang='lat' dir='ltr'>ut</span> <span class='ocrx_word' id='word_1_224' title='bbox 727 3675 785 3743; x_wconf 72' lang='lat' dir='ltr'>ipsi</span> <span class='ocrx_word' id='word_1_225' title='bbox 795 3675 1019 3746; x_wconf 80' lang='lat' dir='ltr'>gratificemur?</span> <span class='ocrx_word' id='word_1_226' title='bbox 1026 3677 1032 3703; x_wconf 86' lang='lat'>¹</span> <span class='ocrx_word' id='word_1_227' title='bbox 1069 3675 1131 3729; x_wconf 90' lang='lat' dir='ltr'>The</span> <span class='ocrx_word' id='word_1_228' title='bbox 1147 3692 1266 3744; x_wconf 88' lang='lat' dir='ltr'>passage</span> <span class='ocrx_word' id='word_1_229' title='bbox 1281 3674 1309 3728; x_wconf 89' lang='lat' dir='ltr'>in</span> <span class='ocrx_word' id='word_1_230' title='bbox 1321 3674 1385 3745; x_wconf 90' lang='lat' dir='ltr'>Job,</span> <span class='ocrx_word' id='word_1_231' title='bbox 1398 3675 1464 3728; x_wconf 82' lang='lat' dir='ltr'>here</span> 
     </span>
     <span class='ocr_line' id='line_1_31' title="bbox 311 3754 749 3822; baseline 0 -12"><span class='ocrx_word' id='word_1_232' title='bbox 311 3755 432 3811; x_wconf 85' lang='lat' dir='ltr'>referred</span> <span class='ocrx_word' id='word_1_233' title='bbox 444 3765 481 3822; x_wconf 90' lang='lat' dir='ltr'>to,</span> <span class='ocrx_word' id='word_1_234' title='bbox 495 3754 519 3810; x_wconf 88' lang='lat' dir='ltr'>is</span> <span class='ocrx_word' id='word_1_235' title='bbox 531 3756 575 3810; x_wconf 91' lang='lat' dir='ltr'>ch.</span> <span class='ocrx_word' id='word_1_236' title='bbox 587 3755 641 3810; x_wconf 89' lang='lat' dir='ltr'>xiii.</span> <span class='ocrx_word' id='word_1_237' title='bbox 654 3773 710 3810; x_wconf 89' lang='lat' dir='ltr'>ver.</span> <span class='ocrx_word' id='word_1_238' title='bbox 724 3769 749 3822; x_wconf 90' lang='lat'>7.</span> 
     </span>
    </p>

    <p class='ocr_par' dir='ltr' id='par_1_6' title="bbox 310 3837 1466 4492">
     <span class='ocr_line' id='line_1_32' title="bbox 345 3837 1464 3910; baseline 0.001 -17"><span class='ocrx_word' id='word_1_239' title='bbox 345 3837 369 3870; x_wconf 76' lang='lat'>⁶⁹</span> <span class='ocrx_word' id='word_1_240' title='bbox 388 3841 419 3894; x_wconf 90' lang='lat' dir='ltr'>ln</span> <span class='ocrx_word' id='word_1_241' title='bbox 432 3839 479 3894; x_wconf 89' lang='lat' dir='ltr'>the</span> <span class='ocrx_word' id='word_1_242' title='bbox 492 3840 708 3894; x_wconf 88' lang='lat' dir='ltr'>Advarrcement</span> <span class='ocrx_word' id='word_1_243' title='bbox 721 3841 753 3894; x_wconf 94' lang='lat' dir='ltr'>of</span> <span class='ocrx_word' id='word_1_244' title='bbox 763 3839 903 3910; x_wconf 87' lang='lat' dir='ltr'>Leaming</span> <span class='ocrx_word' id='word_1_245' title='bbox 916 3841 962 3910; x_wconf 88' lang='lat' dir='ltr'>(E.</span> <span class='ocrx_word' id='word_1_246' title='bbox 979 3841 1035 3896; x_wconf 87' lang='lat' dir='ltr'>and</span> <span class='ocrx_word' id='word_1_247' title='bbox 1053 3843 1091 3910; x_wconf 89' lang='lat' dir='ltr'>S.‚</span> <span class='ocrx_word' id='word_1_248' title='bbox 1112 3841 1165 3896; x_wconf 86' lang='lat' dir='ltr'>vol</span> <span class='ocrx_word' id='word_1_249' title='bbox 1183 3840 1220 3895; x_wconf 92' lang='lat' dir='ltr'>iii.</span> <span class='ocrx_word' id='word_1_250' title='bbox 1236 3857 1264 3910; x_wconf 89' lang='lat' dir='ltr'>p.</span> <span class='ocrx_word' id='word_1_251' title='bbox 1280 3841 1343 3909; x_wconf 83' lang='lat'>478)</span> <span class='ocrx_word' id='word_1_252' title='bbox 1362 3841 1419 3895; x_wconf 90' lang='lat' dir='ltr'>and</span> <span class='ocrx_word' id='word_1_253' title='bbox 1436 3840 1464 3894; x_wconf 90' lang='lat' dir='ltr'>in</span> 
     </span>
     <span class='ocr_line' id='line_1_33' title="bbox 311 3922 1465 3996; baseline -0.001 -18"><span class='ocrx_word' id='word_1_254' title='bbox 311 3923 359 3978; x_wconf 90' lang='lat' dir='ltr'>the</span> <span class='ocrx_word' id='word_1_255' title='bbox 371 3922 462 3976; x_wconf 88' lang='lat' dir='ltr'>Ninth</span> <span class='ocrx_word' id='word_1_256' title='bbox 472 3923 552 3977; x_wconf 85' lang='lat' dir='ltr'>Book</span> <span class='ocrx_word' id='word_1_257' title='bbox 565 3924 597 3977; x_wconf 90' lang='lat' dir='ltr'>of</span> <span class='ocrx_word' id='word_1_258' title='bbox 605 3925 653 3978; x_wconf 89' lang='lat' dir='ltr'>the</span> <span class='ocrx_word' id='word_1_259' title='bbox 664 3925 709 3980; x_wconf 90' lang='lat' dir='ltr'>De</span> <span class='ocrx_word' id='word_1_260' title='bbox 718 3924 892 3994; x_wconf 85' lang='lat' dir='ltr'>Augmentis,</span> <span class='ocrx_word' id='word_1_261' title='bbox 904 3923 924 3979; x_wconf 87' lang='lat' dir='ltr'>it</span> <span class='ocrx_word' id='word_1_262' title='bbox 938 3925 961 3980; x_wconf 91' lang='lat' dir='ltr'>is</span> <span class='ocrx_word' id='word_1_263' title='bbox 974 3925 1020 3980; x_wconf 90' lang='lat' dir='ltr'>the</span> <span class='ocrx_word' id='word_1_264' title='bbox 1029 3925 1115 3996; x_wconf 84' lang='lat' dir='ltr'>glory</span> <span class='ocrx_word' id='word_1_265' title='bbox 1124 3925 1155 3980; x_wconf 86' lang='lat' dir='ltr'>of</span> <span class='ocrx_word' id='word_1_266' title='bbox 1161 3926 1235 3989; x_wconf 90' lang='lat' dir='ltr'>God‚</span> <span class='ocrx_word' id='word_1_267' title='bbox 1246 3943 1278 3979; x_wconf 90' lang='lat' dir='ltr'>as</span> <span class='ocrx_word' id='word_1_268' title='bbox 1288 3925 1417 3980; x_wconf 88' lang='lat' dir='ltr'>revealed</span> <span class='ocrx_word' id='word_1_269' title='bbox 1427 3925 1465 3993; x_wconf 85' lang='lat' dir='ltr'>by</span> 
     </span>
     <span class='ocr_line' id='line_1_34' title="bbox 313 4005 1466 4078; baseline 0.001 -17"><span class='ocrx_word' id='word_1_270' title='bbox 313 4008 427 4076; x_wconf 88' lang='lat' dir='ltr'>Nature,</span> <span class='ocrx_word' id='word_1_271' title='bbox 440 4007 531 4061; x_wconf 83' lang='lat' dir='ltr'>which</span> <span class='ocrx_word' id='word_1_272' title='bbox 549 4005 573 4062; x_wconf 87' lang='lat' dir='ltr'>is</span> <span class='ocrx_word' id='word_1_273' title='bbox 590 4007 717 4077; x_wconf 90' lang='lat' dir='ltr'>opposed</span> <span class='ocrx_word' id='word_1_274' title='bbox 735 4017 765 4061; x_wconf 90' lang='lat' dir='ltr'>to</span> <span class='ocrx_word' id='word_1_275' title='bbox 783 4008 831 4062; x_wconf 90' lang='lat' dir='ltr'>the</span> <span class='ocrx_word' id='word_1_276' title='bbox 850 4008 918 4061; x_wconf 83' lang='lat' dir='ltr'>will</span> <span class='ocrx_word' id='word_1_277' title='bbox 933 4009 964 4062; x_wconf 94' lang='lat' dir='ltr'>of</span> <span class='ocrx_word' id='word_1_278' title='bbox 980 4008 1053 4074; x_wconf 87' lang='lat' dir='ltr'>God‚</span> <span class='ocrx_word' id='word_1_279' title='bbox 1065 4025 1097 4063; x_wconf 84' lang='lat' dir='ltr'>as</span> <span class='ocrx_word' id='word_1_280' title='bbox 1116 4009 1244 4064; x_wconf 87' lang='lat' dir='ltr'>revealed</span> <span class='ocrx_word' id='word_1_281' title='bbox 1264 4009 1301 4078; x_wconf 93' lang='lat' dir='ltr'>by</span> <span class='ocrx_word' id='word_1_282' title='bbox 1314 4009 1466 4078; x_wconf 89' lang='lat' dir='ltr'>Scripture.</span> 
     </span>
     <span class='ocr_line' id='line_1_35' title="bbox 311 4090 1463 4161; baseline 0.003 -18"><span class='ocrx_word' id='word_1_283' title='bbox 311 4090 490 4144; x_wconf 88' lang='lat' dir='ltr'>‘Wherefore</span> <span class='ocrx_word' id='word_1_284' title='bbox 509 4107 549 4144; x_wconf 89' lang='lat' dir='ltr'>we</span> <span class='ocrx_word' id='word_1_285' title='bbox 568 4091 704 4145; x_wconf 90' lang='lat' dir='ltr'>conclude</span> <span class='ocrx_word' id='word_1_286' title='bbox 723 4091 784 4145; x_wconf 90' lang='lat' dir='ltr'>that</span> <span class='ocrx_word' id='word_1_287' title='bbox 801 4092 900 4146; x_wconf 90' lang='lat' dir='ltr'>sacred</span> <span class='ocrx_word' id='word_1_288' title='bbox 919 4092 1064 4161; x_wconf 88' lang='lat' dir='ltr'>Theology</span> <span class='ocrx_word' id='word_1_289' title='bbox 1079 4092 1181 4160; x_wconf 89' lang='lat' dir='ltr'>(which</span> <span class='ocrx_word' id='word_1_290' title='bbox 1200 4092 1228 4146; x_wconf 93' lang='lat' dir='ltr'>in</span> <span class='ocrx_word' id='word_1_291' title='bbox 1247 4109 1298 4146; x_wconf 87' lang='lat' dir='ltr'>our</span> <span class='ocrx_word' id='word_1_292' title='bbox 1316 4091 1403 4146; x_wconf 89' lang='lat' dir='ltr'>idiom</span> <span class='ocrx_word' id='word_1_293' title='bbox 1423 4109 1463 4146; x_wconf 89' lang='lat' dir='ltr'>we</span> 
     </span>
     <span class='ocr_line' id='line_1_36' title="bbox 310 4172 1465 4245; baseline 0.003 -17"><span class='ocrx_word' id='word_1_294' title='bbox 310 4173 365 4228; x_wconf 84' lang='lat' dir='ltr'>call</span> <span class='ocrx_word' id='word_1_295' title='bbox 378 4173 514 4242; x_wconf 86' lang='lat' dir='ltr'>Divinity)</span> <span class='ocrx_word' id='word_1_296' title='bbox 529 4172 554 4228; x_wconf 92' lang='lat' dir='ltr'>is</span> <span class='ocrx_word' id='word_1_297' title='bbox 570 4174 716 4244; x_wconf 90' lang='lat' dir='ltr'>grounded</span> <span class='ocrx_word' id='word_1_298' title='bbox 729 4177 794 4243; x_wconf 91' lang='lat' dir='ltr'>only</span> <span class='ocrx_word' id='word_1_299' title='bbox 807 4192 881 4245; x_wconf 92' lang='lat' dir='ltr'>upon</span> <span class='ocrx_word' id='word_1_300' title='bbox 895 4175 941 4229; x_wconf 88' lang='lat' dir='ltr'>the</span> <span class='ocrx_word' id='word_1_301' title='bbox 956 4175 1032 4229; x_wconf 90' lang='lat' dir='ltr'>word</span> <span class='ocrx_word' id='word_1_302' title='bbox 1044 4176 1101 4230; x_wconf 88' lang='lat' dir='ltr'>and</span> <span class='ocrx_word' id='word_1_303' title='bbox 1114 4177 1206 4231; x_wconf 83' lang='lat' dir='ltr'>oracle</span> <span class='ocrx_word' id='word_1_304' title='bbox 1218 4176 1249 4231; x_wconf 90' lang='lat' dir='ltr'>of</span> <span class='ocrx_word' id='word_1_305' title='bbox 1260 4177 1333 4244; x_wconf 89' lang='lat' dir='ltr'>God‚</span> <span class='ocrx_word' id='word_1_306' title='bbox 1346 4176 1402 4230; x_wconf 89' lang='lat' dir='ltr'>and</span> <span class='ocrx_word' id='word_1_307' title='bbox 1415 4187 1465 4231; x_wconf 91' lang='lat' dir='ltr'>not</span> 
     </span>
     <span class='ocr_line' id='line_1_37' title="bbox 311 4257 1464 4329; baseline 0.003 -19"><span class='ocrx_word' id='word_1_308' title='bbox 311 4271 387 4326; x_wconf 87' lang='lat' dir='ltr'>upon</span> <span class='ocrx_word' id='word_1_309' title='bbox 403 4258 450 4312; x_wconf 90' lang='lat' dir='ltr'>the</span> <span class='ocrx_word' id='word_1_310' title='bbox 469 4257 538 4327; x_wconf 90' lang='lat' dir='ltr'>light</span> <span class='ocrx_word' id='word_1_311' title='bbox 556 4258 588 4312; x_wconf 93' lang='lat' dir='ltr'>of</span> <span class='ocrx_word' id='word_1_312' title='bbox 602 4267 716 4313; x_wconf 86' lang='lat' dir='ltr'>nature:</span> <span class='ocrx_word' id='word_1_313' title='bbox 737 4259 779 4312; x_wconf 90' lang='lat' dir='ltr'>for</span> <span class='ocrx_word' id='word_1_314' title='bbox 798 4258 819 4313; x_wconf 92' lang='lat' dir='ltr'>it</span> <span class='ocrx_word' id='word_1_315' title='bbox 837 4259 860 4312; x_wconf 94' lang='lat' dir='ltr'>is</span> <span class='ocrx_word' id='word_1_316' title='bbox 880 4257 998 4324; x_wconf 87' lang='lat' dir='ltr'>written,</span> <span class='ocrx_word' id='word_1_317' title='bbox 1018 4260 1094 4314; x_wconf 87' lang='lat' dir='ltr'>Coeli</span> <span class='ocrx_word' id='word_1_318' title='bbox 1113 4271 1244 4315; x_wconf 87' lang='lat' dir='ltr'>enarrant</span> <span class='ocrx_word' id='word_1_319' title='bbox 1262 4259 1379 4328; x_wconf 79' lang='lat' dir='ltr'>gloriam</span> <span class='ocrx_word' id='word_1_320' title='bbox 1400 4259 1464 4329; x_wconf 91' lang='lat' dir='ltr'>Dei,</span> 
     </span>
     <span class='ocr_line' id='line_1_38' title="bbox 311 4340 1465 4411; baseline 0.002 -17"><span class='ocrx_word' id='word_1_321' title='bbox 311 4341 360 4394; x_wconf 90' lang='lat' dir='ltr'>but</span> <span class='ocrx_word' id='word_1_322' title='bbox 373 4340 393 4395; x_wconf 92' lang='lat' dir='ltr'>it</span> <span class='ocrx_word' id='word_1_323' title='bbox 406 4341 429 4394; x_wconf 92' lang='lat' dir='ltr'>is</span> <span class='ocrx_word' id='word_1_324' title='bbox 442 4351 490 4395; x_wconf 94' lang='lat' dir='ltr'>not</span> <span class='ocrx_word' id='word_1_325' title='bbox 503 4341 619 4409; x_wconf 84' lang='lat' dir='ltr'>written,</span> <span class='ocrx_word' id='word_1_326' title='bbox 634 4341 710 4397; x_wconf 85' lang='lat' dir='ltr'>Coeli</span> <span class='ocrx_word' id='word_1_327' title='bbox 725 4352 854 4397; x_wconf 88' lang='lat' dir='ltr'>enarrant</span> <span class='ocrx_word' id='word_1_328' title='bbox 867 4343 1039 4398; x_wconf 87' lang='lat' dir='ltr'>voluntatem</span> <span class='ocrx_word' id='word_1_329' title='bbox 1053 4343 1116 4411; x_wconf 90' lang='lat' dir='ltr'>Dei,</span> <span class='ocrx_word' id='word_1_330' title='bbox 1131 4345 1179 4399; x_wconf 91' lang='lat' dir='ltr'>but</span> <span class='ocrx_word' id='word_1_331' title='bbox 1192 4342 1223 4397; x_wconf 88' lang='lat' dir='ltr'>of</span> <span class='ocrx_word' id='word_1_332' title='bbox 1237 4345 1298 4398; x_wconf 89' lang='lat' dir='ltr'>that</span> <span class='ocrx_word' id='word_1_333' title='bbox 1315 4343 1337 4398; x_wconf 91' lang='lat' dir='ltr'>it</span> <span class='ocrx_word' id='word_1_334' title='bbox 1354 4343 1377 4398; x_wconf 92' lang='lat' dir='ltr'>is</span> <span class='ocrx_word' id='word_1_335' title='bbox 1392 4343 1465 4408; x_wconf 89' lang='lat' dir='ltr'>said,</span> 
     </span>
     <span class='ocr_line' id='line_1_39' title="bbox 311 4421 721 4492; baseline 0.015 -17"><span class='ocrx_word' id='word_1_336' title='bbox 311 4421 357 4476; x_wconf 85' lang='lat' dir='ltr'>Ad</span> <span class='ocrx_word' id='word_1_337' title='bbox 370 4423 460 4492; x_wconf 85' lang='lat' dir='ltr'>legem</span> <span class='ocrx_word' id='word_1_338' title='bbox 473 4434 501 4479; x_wconf 90' lang='lat' dir='ltr'>et</span> <span class='ocrx_word' id='word_1_339' title='bbox 514 4425 721 4480; x_wconf 69' lang='lat' dir='ltr'>testimonium!</span> 
     </span>
    </p>

    <p class='ocr_par' dir='ltr' id='par_1_7' title="bbox 346 4503 601 4578">
     <span class='ocr_line' id='line_1_40' title="bbox 346 4503 601 4578; baseline 0.02 -18"><span class='ocrx_word' id='word_1_340' title='bbox 346 4503 368 4535; x_wconf 80' lang='lat'>⁶⁰</span> <span class='ocrx_word' id='word_1_341' title='bbox 388 4508 471 4563; x_wconf 83' lang='lat' dir='ltr'>Mart.</span> <span class='ocrx_word' id='word_1_342' title='bbox 483 4507 545 4562; x_wconf 84' lang='lat' dir='ltr'>xxii.</span> <span class='ocrx_word' id='word_1_343' title='bbox 558 4523 601 4578; x_wconf 89' lang='lat'>29.</span> 
     </span>
    </p>
   </div>
   <div class='ocr_carea' id='block_1_6' title="bbox 0 0 1687 5152">
    <p class='ocr_par' dir='ltr' id='par_1_8' title="bbox 0 0 1687 5152">
     <span class='ocr_line' id='line_1_41' title="bbox 0 0 1687 5152; baseline 0 0"><span class='ocrx_word' id='word_1_344' title='bbox 0 0 1687 5152; x_wconf 95' lang='lat' dir='ltr'> </span> 
     </span>
    </p>
   </div>
  </div>
 </body>
</html>
