3342 5152
304 416 367 502 376
671 425 828 480 NOVUM
844 423 1061 480 ORGANUM.

328 601 364 648 Ad
375 612 425 657 1³¹·
436 613 479 656 ιφ·
523 585 645 656 Subest
670 589 820 654 similiter
845 587 1038 668 dubitatiol,
1064 600 1174 655 utrum
1198 599 1293 674 tepor
1318 589 1350 653 in
1376 589 1451 654 lana

305 705 339 758 et
351 694 495 776 pellibus
511 705 545 760 et
560 694 684 779 plumis
700 707 733 759 et
748 695 939 776 hujusmodi
956 695 1015 759 fiat
1031 716 1075 758 ex
1090 697 1238 777 quodam
1251 693 1330 759 exili
1343 693 1451 759 calore

304 797 684 881 inhaerente,quatenus
694 811 919 864 excernuntur
928 801 971 863 ab
984 798 1185 865 animalibus
1198 821 1206 879 ;
1221 809 1279 864 aut
1292 800 1393 863 etiam
1406 797 1450 862 ob

302 899 539 984 pinguedinem
560 904 729 986 quandam
748 912 782 967 et
802 904 1024 977 oleositatem,
1041 925 1128 986 quae
1149 905 1192 968 sit
1213 913 1351 966 naturae
1372 923 1450 967 con·

302 1027 404 1088 gruae
419 1027 494 1070 cum
510 1017 647 1090 tepore3
670 1007 723 1071 vel
743 1008 842 1091 plane
863 1009 907 1070 ob
928 1008 1176 1073 conclusionem
1198 1019 1232 1072 et
1252 1007 1449 1072 fractionem

302 1112 397 1185 ae'ris,
418 1122 455 1175 ut
476 1111 509 1174 in
532 1112 673 1175 articulo
696 1113 919 1195 praecedente
940 1113 1068 1177 dictum
1093 1123 1153 1177 est
1197 1113 1341 1178 Videtur
1360 1111 1448 1175 enim

302 1215 412 1278 omnis
427 1222 485 1278 ae'r
498 1216 664 1280 abscissus
679 1238 699 1280 a
716 1217 937 1281 continuitate
958 1198 1043 1280 aeris
1060 1217 1212 1282 forinseci
1227 1216 1351 1280 habere
1369 1234 1451 1278 non·

303 1315 384 1381 nihil
400 1319 536 1403 teporis.
574 1320 693 1403 Itaque
709 1319 769 1385 fiat
784 1321 1053 1404 experimentum
1070 1323 1103 1384 in
1119 1321 1249 1384 fibrosis
1264 1340 1350 1403 quae
1366 1320 1449 1383 fiunt

302 1444 346 1487 ex
363 1423 448 1502 lino;
472 1444 538 1487 non
556 1445 599 1488 ex
618 1425 696 1488 lana
719 1434 777 1489 aut
800 1424 921 1507 plumis
944 1437 1003 1490 aut
1024 1425 1138 1504 serico,
1165 1446 1250 1508 quae
1265 1444 1450 1489 excernun-

301 1539 355 1593 tur
370 1529 413 1592 ab
432 1529 599 1593 animatis.
644 1529 843 1594 Notandum
863 1539 913 1594 est
936 1531 1048 1608 etiam,
1069 1550 1187 1593 omnes
1206 1529 1357 1612 pulveres
1377 1527 1447 1610 (ubi

301 1634 480 1697 manifesto
499 1633 680 1699 includitur
701 1634 772 1716 aer)
795 1635 905 1700 minus
929 1655 1004 1699 esse
1026 1635 1163 1717 frigidos
1187 1654 1289 1716 quam
1310 1653 1448 1714 corpora

301 1737 431 1819 integra
444 1735 641 1820 ipsorum¹⁰;
656 1739 943 1820 quemadmodum
957 1740 1059 1803 etiam
1071 1739 1304 1803 existimamus
1314 1756 1448 1800 omnem
1462 1821 1466 1829 Ι

299 1861 451 1927 spumam
469 1841 604 1925 (utpote
627 1863 713 1925 quae
736 1850 847 1906 aerem
870 1845 1056 1928 contineat)
1078 1845 1186 1908 minus
1206 1863 1278 1906 esse
1294 1842 1447 1924 frigidam

299 1967 401 2030 quam
417 1946 581 2028 liquorem
598 1946 718 2028 ipsum.

324 2065 419 2117 Ado·-
430 2074 471 2108 w.
518 2049 607 2114 Huic
627 2071 693 2114 non
709 2050 918 2134 subjungitur
933 2053 1094 2135 negativa.
1139 2050 1233 2114 Nihil
1249 2050 1336 2114 enim
1353 2070 1447 2132 repe-

298 2153 380 2217 ritur
393 2155 482 2236 apud
500 2175 561 2218 nos
583 2155 652 2218 sive
674 2155 836 2238 tangibile
859 2158 928 2221 sive
951 2156 1100 2239 spiritale
1112 2153 1148 2233 ¹¹,
1165 2156 1254 2238 quod
1271 2157 1447 2218 admotum

298 2257 366 2342 igni
383 2277 448 2321 non
464 2259 614 2341 excipiat
628 2259 785 2324 calorem.
831 2261 870 2324 In
892 2283 934 2326 eo
953 2272 1068 2325 tamen
1088 2260 1255 2336 differunt,
1272 2259 1361 2342 quod
1383 2257 1447 2321 alia

297 2361 468 2443 excipiant
480 2363 624 2427 calorem
641 2364 746 2443 citius,
758 2373 796 2428 ut
811 2362 913 2444 atr12,
927 2365 1049 2442 oleum,
1063 2373 1096 2428 et
1112 2385 1218 2448 aqua;
1235 2363 1299 2427 alia
1312 2363 1447 2440 tardius,

297 2474 334 2528 ut
353 2463 439 2547 lapis
460 2476 494 2531 et
518 2467 665 2532 metalla.
709 2467 835 2532 Verum
856 2469 923 2534 hoc
945 2470 1090 2552 pertinet
1113 2469 1156 2533 ad
1183 2467 1341 2532 Tabulam
1361 2466 1445 2530 Gra·

296 2567 408 2632 duum.

321 2687 356 2728 Ad
367 2695 418 2738 ιε’·
429 2696 470 2729 21·-
518 2672 606 2739 Huic
637 2675 820 2740 Instantiae
852 2695 919 2740 non
950 2675 1160 2761 subjungitur
1189 2676 1343 2758 negativa
1373 2674 1446 2753 alia,

296 2795 398 2857 quam
425 2787 462 2840 ut
488 2778 575 2842 bene
602 2789 737 2845 notetur
765 2801 832 2843 non
860 2781 999 2845 excitari
1031 2779 1191 2845 scintillas
1221 2799 1265 2843 ex
1296 2779 1386 2843 silice
1412 2788 1445 2842 et

191 2881 194 2887 '
296 2877 440 2960 chalybe
455 2891 514 2944 aut
532 2882 597 2947 alia
618 2882 730 2966 aliqua
751 2885 939 2948 substantia
963 2885 1047 2949 dura
1070 2886 1132 2948 nisi
1156 2885 1213 2948 ubi
1232 2885 1446 2947 excutiuntur

296 2983 455 3047 minutiae
470 2984 602 3068 aliquae
617 3008 661 3050 ex
680 2989 752 3070 ipsa
772 2990 961 3052 substantia
981 2990 1101 3072 lapidis
1116 2988 1169 3052 vel
1186 2987 1320 3060 metalli,
1338 3007 1446 3069 neque

330 3171 342 3200 ¹
359 3172 421 3226 The
434 3171 602 3228 ‘dubitatio'
615 3175 646 3229 of
663 3177 757 3231 Bacon
770 3178 830 3242 has,
843 3177 875 3232 of
886 3195 994 3246 course,
1009 3179 1080 3233 been
1093 3179 1193 3248 wholly
1204 3178 1346 3232 removed.
1383 3179 1446 3233 The

296 3255 430 3309 so-called
450 3255 599 3310 ‘warmth’
617 3259 649 3311 of
664 3260 742 3326 wool,
764 3260 851 3328 skins,
869 3261 1002 3330 feathers,
1019 3263 1070 3315 &c
1088 3261 1112 3316 is
1131 3263 1185 3316 due
1205 3271 1234 3316 to
1254 3278 1328 3316 none
1347 3259 1379 3315 of
1397 3263 1445 3316 the

294 3354 393 3393 causes
407 3338 496 3393 which
514 3339 550 3394 be
567 3351 704 3410 suggests,
720 3343 770 3397 but
787 3343 890 3414 simply
902 3353 931 3398 to
948 3345 996 3398 the
1014 3345 1070 3400 fact
1086 3345 1146 3399 that
1164 3344 1230 3414 they
1242 3363 1290 3400 are
1305 3334 1362 3398 bad
1379 3361 1445 3400 con·

295 3421 407 3475 ductors
428 3421 460 3476 of
476 3422 551 3490 beat,
571 3425 628 3478 and
649 3425 746 3495 hence,
759 3427 840 3481 when
860 3427 907 3482 the
933 3427 997 3482 skin
1017 3428 1041 3482 is
1063 3429 1182 3483 covered
1202 3427 1268 3482 with
1290 3429 1376 3495 them,
1395 3430 1444 3483 the

293 3503 398 3558 animal
411 3506 528 3559 warmth
542 3505 565 3561 is
577 3507 712 3563 retained.

330 3586 352 3616 ¹⁰
369 3587 440 3642 This
455 3588 659 3645 circumstance
672 3591 705 3660 is,
718 3591 749 3646 of
758 3609 864 3662 course,
879 3595 933 3648 due
947 3604 976 3648 to
989 3596 1036 3650 the
1049 3595 1107 3648 bad
1120 3594 1290 3664 conducting
1306 3612 1399 3664 power
1416 3594 1448 3648 of

293 3669 342 3724 air.
381 3673 435 3726 See
448 3682 513 3727 note
527 3686 542 3739 7
556 3674 654 3729 above.

330 3751 348 3784 ¹¹
369 3755 431 3808 The
444 3757 520 3810 word
533 3755 557 3810 is
569 3757 711 3828 evidently
723 3760 793 3814 used
806 3758 834 3814 in
846 3758 902 3814 this
916 3762 1002 3830 place,
1016 3771 1064 3815 not
1079 3779 1111 3818 as
1126 3762 1252 3833 opposed
1269 3772 1298 3816 to
1316 3761 1442 3816 material

294 3853 326 3892 or
338 3839 490 3908 corporeal,
503 3841 554 3895 but
566 3858 598 3895 as
611 3842 745 3912 applying
757 3852 787 3897 to
799 3843 927 3898 aeriform
941 3845 1032 3900 fluids.

330 3918 352 3951 ¹¹
369 3923 462 3977 There
475 3922 498 3978 is
511 3941 528 3977 a
542 3923 687 3979 confusion
701 3927 767 3981 here
779 3927 905 3982 between
918 3929 966 3982 the
979 3927 1117 3984 radiation
1134 3929 1166 3983 of
1179 3931 1245 3984 heat
1260 3929 1380 3998 through
1395 3929 1443 3982 the

293 4002 335 4058 air
347 4006 404 4059 and
421 4007 468 4061 the
480 4007 670 4078 conductivity
683 4010 714 4064 of
727 4010 769 4064 air
781 4009 862 4065 itself.
901 4012 928 4066 lf
937 4029 978 4066 we
990 4011 1084 4068 kindle
1097 4031 1114 4067 a
1127 4012 1176 4067 fire
1189 4013 1217 4066 in
1230 4030 1248 4067 a
1260 4029 1347 4079 room,
1361 4030 1400 4067 we
1414 4020 1442 4066 at

294 4104 364 4142 once
377 4089 429 4143 feel
441 4091 488 4144 the
502 4090 647 4146 increased
658 4093 774 4147 warmth
787 4094 909 4164 through
922 4095 1080 4164 radiation;
1100 4097 1150 4150 but
1164 4095 1187 4149 if
1196 4113 1236 4151 we
1248 4095 1408 4164 extinguish
1421 4095 1442 4149 it

292 4170 398 4240 shortly
411 4173 581 4242 afterwards,
599 4175 620 4229 it
638 4175 692 4229 will
710 4177 745 4230 be
763 4176 849 4232 found
868 4178 929 4233 that
947 4179 994 4233 the
1013 4188 1200 4249 temperature
1219 4179 1251 4233 of
1265 4180 1312 4234 the
1330 4178 1372 4232 air
1390 4179 1441 4232 has

291 4253 391 4323 hardly
412 4255 482 4311 been
507 4258 678 4328 perceptibly
703 4259 855 4316 increased.
891 4263 953 4317 The
976 4263 1052 4332 glass
1078 4263 1237 4319 fire-screen
1262 4262 1401 4317 fumishes
1424 4279 1442 4316 a

292 4335 413 4392 familiar
431 4339 596 4396 illustration
614 4343 646 4397 of
663 4343 712 4398 the
731 4361 808 4400 same
827 4345 967 4416 principle.
1008 4348 1118 4415 Metals,
1138 4365 1174 4402 on
1192 4349 1240 4402 the
1259 4347 1339 4402 other
1356 4346 1441 4414 haud,

291 4437 339 4476 are
358 4420 438 4492 rapid
457 4424 635 4494 conductors,
648 4444 679 4481 as
696 4445 736 4483 we
755 4445 820 4499 may
832 4439 885 4484 test
905 4429 942 4499 by
954 4429 1027 4486 their
1045 4432 1177 4487 coldness
1196 4442 1224 4486 to
1243 4432 1290 4486 the
1309 4430 1394 4484 touch
1413 4430 1442 4484 in

290 4504 422 4574 ordinary
435 4515 642 4578 temperatures.
728 4581 731 4590 Ι
