3358 5152
313 335 376 418 256
692 342 1088 400 woquoncAwurr.

312 509 388 573 licet
410 529 477 574 non
498 507 643 572 habeant
664 506 755 589 quod
777 515 911 572 teneant
932 515 968 571 ut
988 528 1125 586 verum;
1148 515 1261 573 tamen
1283 518 1463 593 postquam

311 613 442 678 animus
464 612 628 676 humanus
651 611 695 675 de
718 611 858 676 veritate
884 612 1079 676 invenienda
1102 612 1205 676 semel
1230 614 1464 696 desperauerit,

312 718 449 783 omnino
475 717 587 782 omnia
613 715 697 780 liunt
722 715 948 798 languidiora:
983 738 1028 781 ex
1057 738 1125 800 quo
1151 715 1198 792 fit,
1223 726 1260 780 ut
1286 717 1465 782 deflectant

313 821 466 886 homines
495 821 606 904 potius
634 821 678 884 ad
707 840 866 885 amoenas
898 821 1138 906 disputationes
1168 830 1202 886 et
1231 823 1406 900 discursus,
1432 831 1466 885 et

314 947 422 990 rerum
438 926 599 1009 quasdam
614 924 870 1006 peragratioues,
885 945 987 1008 quam
1003 927 1036 989 in
1051 926 1227 991 severitate
1247 925 1464 1008 inquisitionis

312 1051 349 1096 se
363 1029 554 1096 sustineant.
598 1028 734 1107 Verum,
750 1031 840 1112 quod
859 1051 880 1094 a
900 1030 1061 1114 principio
1082 1031 1227 1094 diximus
1247 1039 1282 1094 et
1303 1038 1466 1112 perpetuo

315 1136 453 1220 agimus,
479 1134 588 1198 sensui
618 1143 652 1197 et
684 1132 863 1198 intellectui
893 1133 1041 1198 humano
1073 1154 1254 1217 eorumque
1285 1133 1467 1199 infirmitati

314 1239 497 1306 authoritas
513 1259 580 1303 non
596 1247 646 1302 est
661 1239 862 1322 deroganda,
877 1241 935 1304 sed
950 1238 1074 1304 auxilia
1089 1239 1289 1322 praebenda.

810 1401 975 1468 LXVIII.

357 1525 475 1608 Atque
498 1525 540 1589 de
562 1523 723 1589 idolorum
745 1523 882 1608 singulis
904 1524 1089 1609 generibus,
1105 1545 1287 1608 eorumque
1305 1535 1467 1609 apparatu

312 1627 381 1712 jam
404 1629 571 1705 diximus;
597 1648 684 1713 quae
706 1628 817 1691 omnia
839 1627 1005 1692 constanti
1028 1639 1062 1693 et
1084 1628 1211 1692 solenni
1233 1631 1368 1695 decreto
1390 1637 1467 1693 sunt

315 1735 511 1818 abneganda
533 1743 570 1798 et
590 1731 820 1807 renuncianda‚
836 1741 870 1796 et
886 1732 1070 1797 intellectus
1090 1735 1134 1798 ab
1156 1733 1195 1797 iis
1216 1734 1352 1798 omnino
1372 1733 1468 1798 liber·

315 1839 421 1904 'andus
446 1849 497 1903 est
522 1847 555 1902 et
582 1838 837 1919 expurgandus3
871 1845 908 1899 ut
931 1857 997 1900 non
1021 1837 1106 1901 alius
1129 1837 1196 1900 iere
1222 1836 1265 1901 sit
1291 1837 1401 1901 aditus
1424 1837 1468 1902 ad

316 1963 454 2026 regnum
470 1942 621 2018 homInis,
637 1942 727 2023 quod
742 1940 899 2004 fundatur
920 1940 953 2004 in
974 1941 1127 2016 scientiis,
1143 1961 1244 2024 quam
1265 1944 1309 2006 ad
1330 1961 1468 2024 regnum

316 2047 493 2126 coelorum,
508 2047 542 2112 in
557 2043 649 2130 quod,
664 2045 734 2110 nisi
745 2044 803 2110 sub
817 2054 955 2128 persorra
972 2045 1124 2130 infantis,
1139 2047 1268 2112 Intrare
1282 2068 1345 2111 non
1360 2044 1469 2110 datur.

829 2201 959 2268 LXIX.

362 2323 412 2389 At
447 2344 566 2408 pravae
603 2323 903 2392 demonstrationes
936 2323 1098 2390 idolorum
1130 2325 1233 2390 veluti
1271 2325 1470 2389 munitiones

318 2430 483 2512 quaedam
514 2437 591 2492 sunt
623 2438 657 2493 et
692 2429 856 2510 praesidia
866 2427 913 2507 ⁸⁵3
950 2450 1084 2512 eaeque,
1115 2449 1197 2512 quas
1227 2429 1261 2494 in
1290 2429 1470 2494 dialecticis

317 2535 488 2610 habemus,
517 2534 551 2597 id
580 2531 648 2597 fere
677 2541 791 2617 agunt,
819 2541 857 2599 ut
888 2534 1051 2598 mundum
1082 2533 1182 2616 plane
1214 2534 1471 2615 cogitationibus

318 2639 482 2716 humanis,
503 2638 723 2721 cogitationes
741 2646 853 2701 autem
872 2638 982 2702 verbis
1003 2638 1159 2703 addicant
1182 2648 1217 2703 et
1235 2639 1425 2721 mancipent
1434 2637 1470 2700 ⁶³⁶.

321 2743 632 2808 Demonstrationee
654 2762 732 2806 vero
754 2741 905 2825 potentia
927 2741 1109 2825 quadam⁶⁷
1128 2742 1359 2826 philosophiae
1381 2742 1471 2826 ipsae

320 2949 474 3017 Academy,
489 2947 595 3017 Pyrrho
606 2948 721 3003 himself
732 2947 816 3017 being
832 2958 1045 3019 contemporary
1057 2947 1123 3002 with
1136 2947 1297 3002 Alexander
1311 2948 1359 3003 the
1375 2949 1471 3014 Great,

319 3033 370 3088 but
383 3033 405 3088 it
417 3049 474 3086 was
486 3032 599 3086 revived
611 3041 640 3086 at
652 3050 670 3086 a
682 3033 766 3086 much
779 3033 850 3087 later
861 3032 958 3103 period
970 3034 1008 3102 by
1019 3030 1218 3087 AEnesidemus
1230 3031 1288 3086 and
1303 3031 1347 3086 his
1361 3049 1470 3087 succes·

321 3133 390 3184 sors,
402 3132 507 3184 among
519 3115 611 3168 whom
625 3132 681 3170 was
694 3117 794 3170 Sextus
808 3116 974 3186 Empiricos.

322 3197 325 3204 '
356 3196 380 3230 ⁸⁶
400 3201 426 3254 lt
439 3199 530 3253 would
543 3215 619 3253 seem
630 3199 701 3254 Irom
716 3199 772 3253 this
785 3216 904 3269 passage
921 3215 953 3255 as
966 3197 990 3253 if
1001 3200 1050 3254 the
1062 3197 1183 3268 ‘pravae
1198 3196 1470 3254 demonstrationes'

321 3301 394 3339 were
407 3291 436 3337 to
449 3283 485 3337 be
497 3281 644 3336 discussed
657 3299 689 3337 as
702 3283 906 3352 supplemental
917 3293 947 3338 to
958 3283 1006 3339 the
1021 3281 1130 3337 ‘idola'
1167 3283 1222 3336 But
1238 3282 1305 3351 they
1318 3299 1365 3336 are
1381 3281 1472 3337 them·
1552 3284 1562 3296 ”

322 3367 413 3422 selves
427 3365 485 3434 (see
497 3365 571 3434 Aph.
585 3363 632 3434 61)
651 3383 669 3420 a
685 3365 859 3421 subdirisiou
878 3367 910 3421 oi
924 3367 972 3421 the
985 3365 1079 3420 ‘idola
1096 3365 1217 3432 theatrI,'
1230 3364 1322 3420 thcb
1337 3365 1472 3435 originate

322 3452 374 3505 ‘ex
385 3449 488 3504 fabulis
500 3447 670 3503 theoriarum
683 3459 711 3504 et
724 3449 862 3519 perversis
875 3448 983 3519 legibus
996 3447 1283 3504 demonstrationum.¹

357 3531 379 3564 ⁸⁸
399 3532 469 3588 This
482 3531 507 3586 is
519 3549 536 3586 a
547 3532 622 3601 good
634 3533 761 3602 example
773 3532 806 3587 ol
814 3533 862 3588 the
875 3549 1034 3603 pregnancy
1040 3534 1098 3587 and
1111 3532 1336 3602 suggestiveness
1348 3532 1380 3587 os
1387 3549 1472 3601 many

322 3618 353 3673 oi
370 3616 491 3671 Bacon's
513 3614 635 3685 sayings.
674 3616 743 3671 Itis
765 3615 916 3686 singularly
937 3615 1095 3686 applicable
1114 3625 1144 3671 to
1165 3633 1251 3684 many
1268 3616 1473 3686 metaphysical

323 3711 452 3772 systems,
465 3700 535 3754 both
548 3699 659 3754 ancient
672 3700 729 3753 and
743 3699 868 3755 modem.
906 3701 984 3768 Men,
996 3700 1156 3770 neglecting
1172 3700 1222 3755 the
1240 3700 1313 3755 facts
1329 3701 1361 3755 of
1375 3709 1473 3755 nature

322 3784 380 3840 and
393 3783 481 3850 mind,
495 3783 570 3838 osten
583 3792 701 3852 attempt
714 3793 744 3838 to
760 3793 902 3839 construet
919 3800 955 3837 an
972 3801 990 3838 a
1008 3782 1091 3853 priori
1106 3792 1210 3852 system
1223 3783 1256 3837 oi
1269 3784 1317 3838 the
1336 3782 1472 3850 universe,

323 3867 486 3936 ‘euslaving
498 3866 547 3920 the
560 3866 645 3920 world
664 3876 694 3921 to
713 3865 787 3921 their
798 3883 859 3922 own
876 3866 1029 3936 thoughts,’
1042 3865 1122 3922 while
1141 3865 1214 3921 their
1231 3867 1366 3936 thoughts
1383 3868 1473 3921 them·

323 3954 413 4009 selues
426 3968 473 4005 are
486 3950 636 4004 concealed
646 3951 702 4005 and
715 3950 834 4005 lettered
844 3949 873 4004 iu
883 3950 931 4004 the
940 3951 1052 4005 meshes
1064 3949 1096 4004 oi
1105 3968 1123 4004 a
1132 3949 1271 4004 technical
1281 3949 1473 4020 terminology.

360 4037 411 4106 Cp.
438 4036 483 4089 De
509 4033 656 4103 Principiis
678 4042 762 4103 atque
782 4032 955 4102 Originibus,
976 4033 1132 4088 secundum
1152 4033 1262 4089 fabulas
1283 4033 1428 4104 Cupidinis
1446 4042 1473 4088 et

324 4117 402 4176 Coeli
423 4118 469 4186 (E.
482 4117 540 4172 and
553 4121 591 4184 5.,
613 4118 668 4172 νοΙ.
690 4115 726 4170 ἱίἱ.
747 4133 794 4186 pp.
815 4116 915 4185 85-6):
944 4115 1062 4187 ‘ltaque
1082 4117 1112 4170 hi
1131 4117 1245 4172 omnes’
1266 4117 1474 4187 (Empedocles,

323 4205 514 4272 Anaxagoras,
527 4199 590 4269 dcc.)
606 4200 743 4254 ‘mentem
756 4201 839 4254 rebus
852 4199 1050 4256 submiserunt.
1086 4201 1125 4254 At
1146 4200 1226 4254 Plato
1244 4200 1379 4254 mundum
1397 4199 1473 4270 cogi·

324 4285 484 4350 tationibus,
497 4284 664 4339 Aristoteles
677 4300 743 4338 vero
756 4282 841 4338 etiam
853 4282 1037 4353 cogitationes
1050 4283 1152 4351 verbis,
1165 4283 1379 4353 adjudicarunt'

359 4367 381 4400 ⁸⁷
394 4371 482 4433 Thus,
493 4368 535 4422 ior
547 4367 683 4434 instance,
693 4368 742 4421 the
755 4366 851 4421 iailure
863 4367 894 4422 ol
902 4368 951 4422 the
963 4366 1091 4422 ancients
1104 4367 1133 4423 in
1146 4367 1194 4422 the
1205 4367 1334 4436 Physical
1343 4366 1474 4422 Sciences

325 4469 381 4508 was
400 4453 455 4507 due
472 4452 578 4523 largely
591 4461 620 4508 to
639 4450 711 4508 theIr
722 4450 976 4522 disproportiouate
994 4451 1184 4523 employment
1202 4451 1234 4508 oi
1249 4451 1297 4508 the
1316 4451 1475 4507 Deductive
