3344 5152
674 406 804 461 LIBER
826 405 850 462 J.
873 398 925 475 46.
1318 413 1377 460 221

228 575 328 639 trahit
354 576 397 639 ad
424 573 695 654 suffragationem
720 582 753 635 et
781 589 975 634 consensum
1000 589 1074 633 cum
1102 566 1220 631 illis⁶⁴:
1249 579 1282 632 et
1306 568 1381 631 licet

230 679 335 761 major
350 680 392 743 sit
409 679 637 741 instantiarum
653 678 702 740 vis
723 686 756 739 et
777 675 883 758 copia,
897 694 983 755 quae
999 683 1172 737 occurrunt
1196 672 1228 736 in
1251 684 1380 737 contra-

230 786 333 860 rium;
358 793 471 847 tamen
488 803 543 846 eas
558 792 617 845 aut
633 801 698 844 non
720 781 883 853 observat,
899 787 957 840 aut
979 779 1171 848 contemnit,
1187 787 1245 840 aut
1266 778 1381 841 distin-

229 889 362 971 guendo
389 895 576 950 summovet
602 895 635 948 et
662 883 774 965 rejicit,
800 903 865 945 non
892 882 962 945 sine
990 901 1111 964 magno
1141 891 1174 944 et
1200 883 1381 962 pernicioso

230 990 443 1074 praejudicio,
460 1010 528 1072 quo
544 989 705 1072 prioribus
724 987 787 1050 illis
804 985 1000 1068 syllepsibus
1011 985 1037 1022 ⁰⁵
1052 985 1234 1049 authoritas
1251 998 1382 1049 maneat

232 1095 397 1159 inviolata.
444 1094 563 1175 Itaque
594 1103 681 1156 recte
711 1091 880 1174 respondit
907 1088 1005 1167 illell,
1029 1091 1095 1171 qui,
1121 1109 1195 1152 cum
1225 1110 1383 1172 suspensa

231 1199 347 1262 tabula
371 1199 404 1260 in
429 1197 556 1280 templo
579 1198 608 1260 ei
633 1205 867 1260 monstraretur
891 1215 1006 1258 eorum
1029 1195 1086 1276 qui
1109 1205 1187 1257 vota
1209 1194 1383 1270 solverant,

232 1303 322 1384 quod
350 1301 509 1384 naufragii
536 1301 682 1384 periculo
710 1299 812 1382 elapsi
835 1300 909 1376 sint,
931 1308 1031 1380 atque
1054 1299 1287 1380 interrogando
1309 1320 1383 1381 pre-

232 1415 385 1480 meretur,
401 1425 486 1468 anne
507 1417 580 1468 tum
602 1405 735 1486 quidem
754 1403 901 1466 Deorum
924 1421 1045 1466 numen
1066 1411 1267 1484 agnosceret,
1283 1422 1383 1484 quae·
1446 1473 1449 1482 ¹

233 1510 307 1574 sivit
331 1511 450 1583 denuo,
471 1509 522 1571 At
545 1508 602 1572 ubi
621 1517 700 1571 sunt
720 1507 773 1571 illi
792 1507 910 1588 depicti
931 1507 991 1587 qui
1007 1515 1084 1587 post
1105 1513 1180 1569 vota
1201 1515 1385 1586 nuncupata

227 1613 416 1696 perierint?
462 1613 591 1676 Eadem
617 1612 701 1676 ratio
725 1612 864 1675 estsere
888 1610 995 1674 omnis
1019 1609 1269 1692 superstitionis
1291 1621 1327 1673 ut
1352 1611 1383 1672 in

234 1717 447 1800 astrologicis,
471 1717 503 1778 in
530 1717 673 1789 somniis
697 1716 869 1787 ominibus,
894 1715 1091 1789 nemesibus,
1115 1723 1148 1776 et
1174 1713 1384 1795 hujusmodi;

234 1822 406 1904 inquibus
428 1821 577 1884 homines
600 1819 754 1884 delectati
778 1818 965 1900 hujusmodi
985 1818 1186 1882 vanitatibus
1209 1818 1384 1881 advertunt

236 1935 380 2000 eventus,
393 1925 448 1988 ubi
465 1923 663 2008 implentur3
687 1934 738 1988 ast
754 1924 810 1986 ubi
823 1922 948 1995 fallunt,
962 1921 1038 1987 licet
1055 1921 1160 1985 multo
1175 1921 1385 2004 frequentius,

235 2039 347 2092 tamen
378 2027 549 2111 negligunt
577 2038 611 2091 et
641 2037 861 2110 praetereunt.
907 2026 957 2090 At
983 2025 1082 2110 longe
1106 2026 1259 2090 subtilius
1285 2027 1387 2110 serpit

235 2135 298 2198 hoe
314 2132 439 2196 malum
456 2133 487 2194 in
508 2131 726 2215 philosophiis
742 2142 775 2195 et
791 2132 954 2208 scientiis3
978 2131 1011 2194 in
1031 2131 1151 2213 quibus
1173 2132 1261 2212 quod
1284 2129 1386 2194 semel

236 2239 360 2322 placuit
382 2236 508 2318 reliqua
531 2236 621 2322 (licet
648 2237 752 2300 multo
776 2236 920 2300 firmiora
943 2245 976 2299 et
1000 2233 1144 2320 potiora)
1167 2235 1278 2312 inficit,
1297 2247 1330 2298 et
1353 2236 1386 2297 in

236 2343 384 2408 ordinem
402 2341 531 2424 redigit.
578 2340 768 2421 Quinetiam
789 2339 865 2404 licet
886 2339 1027 2403 abluerit
1047 2361 1094 2417 ea,
1110 2361 1211 2421 quam
1232 2339 1387 2411 diximus,

237 2445 413 2509 delectatio
440 2455 474 2509 et
496 2445 634 2522 vanitas,
656 2446 683 2508 is
707 2455 819 2508 tamen
846 2445 991 2507 humano
1020 2443 1197 2507 intellectui
1225 2465 1314 2506 error
1337 2454 1387 2506 est

237 2551 388 2634 proprius
404 2559 437 2612 et
454 2560 641 2632 perpetuus,
656 2560 692 2613 ut
710 2550 815 2631 magis
835 2559 1005 2612 moveatur
1020 2557 1053 2611 et
1069 2549 1232 2612 excitetur
1246 2547 1388 2611 affirma-

238 2654 313 2718 tivis
336 2673 435 2735 quam
459 2653 639 2736 negativis3
668 2672 743 2715 cum
767 2654 828 2716 rite
849 2663 882 2716 et
903 2653 1017 2716 ordine
1038 2673 1180 2734 aequum
1202 2673 1238 2716 se
1258 2652 1387 2733 utrique

238 2758 396 2840 praebere
415 2757 556 2827 debeat;
580 2757 660 2837 quin
681 2766 802 2833 contra,
820 2757 851 2819 in
873 2757 963 2820 omni
985 2757 1153 2820 axiomate
1168 2777 1247 2820 vero
1268 2756 1389 2820 consti·

238 2862 372 2938 tuend0,
388 2860 493 2940 major
508 2869 559 2924 est
574 2861 622 2923 vis
639 2861 814 2924 instantiae
829 2862 1001 2942 negativae
1012 2861 1046 2920 ⁸³.

275 3023 297 3054 ‘⁴
314 3024 386 3078 This
404 3024 552 3091 tendency‚
572 3024 652 3078 when
673 3042 713 3078 we
736 3024 807 3078 have
826 3041 898 3078 once
915 3023 1023 3078 formed
1042 3040 1078 3076 an
1098 3021 1220 3092 opinion,
1243 3033 1272 3077 to
1293 3023 1388 3076 attach

240 3116 349 3176 greater
370 3106 542 3176 importance
564 3115 594 3161 to
617 3107 783 3161 affirmative
806 3107 956 3171 instantes,
979 3105 1007 3158 in
1029 3115 1144 3175 support
1166 3107 1199 3159 os
1219 3105 1250 3171 it,
1269 3106 1338 3159 than
1360 3115 1390 3158 to

240 3190 370 3260 negative
388 3190 536 3254 instances,
556 3189 583 3243 in
602 3189 804 3245 contradiction
824 3191 856 3244 oi
871 3189 900 3257 it,
920 3189 943 3243 is
962 3189 1066 3258 n'ghtly
1081 3190 1190 3243 classed
1207 3190 1245 3258 by
1260 3191 1312 3243 Mr.
1328 3189 1390 3242 Mill

241 3276 330 3328 under
348 3275 396 3328 the
416 3273 551 3328 Fallacies
571 3274 601 3328 of
618 3273 875 3328 Non·observation
890 3273 921 3328 oi
936 3273 1087 3328 instantes.
1124 3275 1178 3328 See
1197 3272 1281 3326 Mill's
1297 3271 1391 3340 Logic,

241 3358 289 3412 bk.
301 3375 327 3412 v.
339 3358 384 3411 ch.
398 3372 422 3423 4.
437 3355 450 3427 ξ
466 3372 491 3425 3,
504 3357 561 3410 and
573 3374 621 3424 my
635 3356 782 3412 Inductive
796 3356 890 3426 Logic,
906 3357 955 3423 4th
970 3357 1094 3423 Edition,
1107 3373 1153 3426 pp.
1167 3368 1297 3426 251-257.
1336 3357 1393 3410 For

243 3442 384 3496 instances
397 3440 429 3493 of
437 3441 486 3494 the
501 3441 621 3508 Fallacy,
635 3441 683 3495 the
698 3441 798 3495 reader
810 3439 833 3494 is
847 3440 967 3496 referred
979 3451 1008 3494 to
1021 3441 1102 3495 those
1115 3441 1215 3494 works.

277 3521 299 3553 ⁶³
318 3523 464 3593 σύλληψις,
478 3541 494 3578 a
508 3523 681 3592 conception.

278 3606 300 3638 ⁶⁶
320 3607 468 3676 Diagoras,
488 3607 639 3661 sumamed
660 3609 709 3661 the
730 3607 850 3672 Atheist,
869 3607 1022 3677 according
1038 3617 1067 3662 to
1086 3607 1192 3674 Cicero,
1216 3608 1261 3661 De
1283 3608 1394 3661 Natura

244 3693 377 3756 Deorum,
403 3689 439 3744 iii.
466 3704 508 3758 37,
534 3691 625 3745 where
650 3691 768 3745 another
797 3700 874 3759 story
902 3701 932 3745 to
960 3693 1007 3746 the
1036 3709 1114 3745 same
1138 3701 1252 3761 purport
1277 3690 1301 3754 is
1325 3690 1393 3745 told.

244 3774 386 3844 Diogenes
409 3774 536 3828 Laertius
554 3775 616 3828 tells
634 3774 683 3828 the
701 3784 786 3843 story,
806 3774 872 3828 with
895 3793 912 3828 a
934 3774 1019 3844 slight
1037 3765 1234 3841 variationes
1250 3774 1392 3844 Diogenes

243 3861 292 3914 the
302 3857 399 3926 Cynic,
409 3858 458 3911 but
467 3857 539 3912 adds
548 3857 609 3911 that
620 3857 641 3910 it
650 3857 674 3910 is
684 3859 743 3912 also
756 3858 814 3911 told
827 3858 859 3911 of
871 3857 1010 3927 Diagoras
1019 3858 1066 3912 the
1079 3859 1200 3913 Melian:
1221 3859 1394 3924 θαυμάζοντος

243 3943 311 3996 τινὸς
330 3943 362 3994 τὰ
382 3940 408 3992 ἓν
429 3940 580 4008 Σαμοθράκῃ
604 3939 761 4009 ἀναθήματα,
783 3943 843 4011 ἔφη,
866 3941 966 4012 Πολλῷ
987 3941 1018 3993 ἂν
1038 3938 1076 4008 εἴη
1097 3943 1188 4008 πλείω,
1209 3940 1232 3994 εἶ
1253 3941 1294 3994 rol
1317 3941 1342 3993 ol
1359 3940 1394 4008 μὴ

245 4024 372 4079 σωθέντες
383 4023 542 4078 ἀνετίθεσαν.
566 4024 590 4077 ol
602 4023 630 4076 <li
643 4029 719 4078 τοῦτο
733 4027 862 4094 Διαγόρου
874 4025 944 4094 φασὶ
955 4027 1003 4078 τοῦ
1016 4025 1125 4091 Μηλίου.

280 4105 302 4139 ⁶²
320 4110 346 4162 A
359 4107 449 4176 single
461 4107 589 4177 negative
603 4107 738 4172 instance,
752 4108 774 4162 if
784 4108 804 4162 it
816 4107 904 4162 admit
919 4109 951 4163 of
963 4126 1000 4162 no
1015 4107 1202 4177 explanation,
1216 4106 1239 4162 is
1257 4105 1394 4162 sufficient

245 4202 274 4246 to
292 4201 372 4261 upset
391 4209 408 4244 a
428 4190 534 4260 theory,
547 4209 586 4257 or,
599 4201 628 4245 at
645 4193 694 4246 the
711 4192 790 4258 least,
809 4192 829 4246 it
849 4192 936 4260 ought
955 4201 984 4246 to
1002 4209 1086 4246 cause
1105 4207 1137 4245 us
1155 4201 1186 4245 to
1205 4191 1326 4260 suspend
1345 4208 1396 4246 our

242 4274 398 4346 judgment,
411 4274 452 4328 till
466 4292 507 4328 we
525 4291 572 4328 are
591 4275 654 4328 able
672 4274 760 4329 either
779 4285 807 4329 to
825 4276 935 4345 explain
954 4275 1003 4329 the
1020 4274 1173 4344 exception,
1192 4292 1224 4328 or
1241 4285 1270 4328 to
1289 4273 1396 4343 modisy

245 4359 293 4413 the
305 4359 402 4427 theory
415 4357 444 4412 in
456 4358 629 4412 accordante
641 4358 708 4411 with
725 4358 755 4425 it,
768 4375 800 4413 or
812 4360 867 4413 else
881 4368 911 4413 to
927 4360 1100 4413 accumulate
1113 4358 1181 4412 such
1194 4377 1231 4413 an
1243 4369 1357 4413 amount
1370 4357 1401 4411 os

245 4441 372 4510 negative
385 4439 517 4495 evidence
530 4459 562 4495 as
576 4450 605 4494 to
618 4440 718 4510 justisy
730 4459 762 4494 us
777 4441 804 4494 in
817 4441 952 4511 rejecting
964 4443 1011 4496 the
1024 4442 1122 4509 theory
1135 4443 1298 4510 altogether.
1335 4442 1399 4496 The

247 4523 375 4592 negative
388 4523 524 4592 instance,
534 4539 604 4579 even
615 4524 707 4580 where
717 4524 738 4579 it
748 4525 817 4580 does
830 4535 878 4579 not
889 4537 968 4596 upset
982 4526 1115 4594 atheory,
1126 4524 1149 4579 is
1162 4527 1236 4581 often
1250 4526 1400 4596 peculiarly
