3342 5152
286 402 349 488 388
621 409 777 466 novun
797 409 1014 467 occantur.

285 580 355 644 sive
374 575 503 653 Zenith,
519 575 608 659 quod
630 575 733 641 etiam
755 575 958 640 credendum
979 585 1030 642 est
1049 576 1092 640 de
1112 575 1185 640 aliis
1205 573 1357 659 planetis,
1374 593 1435 658 pro

287 685 424 750 modulo
447 706 508 748 suo
526 683 662 760 caloris;
688 683 836 766 exempli
854 681 970 765 gratia,
991 681 1110 763 Jovem
1134 682 1240 764 magis
1262 679 1352 763 apud
1376 699 1436 742 nos

287 789 475 866 calefacere,
494 808 570 853 cum
591 787 719 870 positus
739 788 782 852 sit
803 788 866 851 sub
888 785 1017 852 Cancro
1039 797 1097 850 aut
1119 786 1234 851 Leone
1254 805 1354 868 quam
1375 784 1437 848 sub

287 893 491 977 Capricorno
506 901 564 956 aut
575 891 735 976 Aquario.

334 1011 383 1077 17.
407 997 620 1062 Credendum
638 1007 690 1060 est
705 995 809 1060 solem
826 997 934 1080 ipsum
951 1005 984 1059 et
1000 996 1152 1078 planetas
1167 995 1312 1078 reliquos
1331 993 1437 1074 magis

287 1101 465 1168 calefacere
480 1102 513 1164 in
529 1101 690 1185 perigaeis
708 1101 783 1176 suis,
801 1111 938 1184 propter
951 1100 1233 1184 propinquitatem
1250 1099 1292 1162 ad
1307 1107 1437 1173 terram,

287 1227 387 1290 quam
405 1207 438 1270 in
453 1206 610 1289 apogaeis
618 1202 654 1269 ⁴⁷.
698 1204 842 1288 Quodsi
860 1205 989 1268 eveniat
1006 1214 1044 1268 ut
1061 1205 1093 1266 in
1112 1203 1222 1287 aliqua
1239 1203 1372 1286 regione
1388 1199 1438 1265 sol

287 1312 330 1375 sit
353 1309 450 1374 simul
474 1311 507 1372 in
529 1309 683 1393 perigaeo
709 1318 743 1374 et
770 1309 907 1391 propius
933 1309 976 1373 ad
1003 1307 1283 1392 perpendiculum,
1307 1327 1439 1371 necesse

287 1425 339 1480 est
361 1424 398 1479 ut
421 1415 527 1497 magis
549 1412 718 1479 calefaciat
742 1433 842 1494 quam
866 1413 899 1475 in
924 1411 1055 1494 regione
1074 1413 1129 1475 ubi
1152 1412 1201 1476 sol
1223 1412 1265 1475 sit
1289 1411 1439 1474 similiter

288 1519 321 1581 in
345 1519 499 1603 perigaeo
524 1519 582 1582 sed
607 1517 712 1600 magis
738 1517 781 1582 ad
806 1517 989 1599 obliquum.
1034 1516 1135 1580 Adeo
1166 1527 1203 1580 ut
1233 1514 1438 1599 comparatio

287 1621 501 1686 exaltationis
519 1621 726 1705 planetarum
746 1621 853 1684 notari
875 1622 1006 1698 debeat,
1022 1631 1120 1704 prout
1139 1641 1183 1683 ex
1203 1616 1438 1704 perpendiculo

288 1737 346 1790 aut
361 1725 557 1810 obliquitate
572 1726 755 1809 participet,
771 1726 953 1790 secundum
970 1726 1139 1808 regionum
1154 1725 1358 1789 varietatem.

335 1830 383 1893 18.
409 1829 469 1895 Sol
487 1829 597 1903 etiam,
612 1839 646 1893 et
661 1831 812 1894 similiter
827 1829 942 1913 reliqui
965 1829 1125 1913 planetae,
1141 1827 1318 1894 calefacere
1334 1825 1439 1910 magis

288 1934 520 1998 existimantur
542 1953 617 1998 cum
644 1933 708 1998 sint
733 1933 764 1995 in
788 1934 943 2016 proximo
965 1934 1009 1997 ad
1032 1933 1144 1998 stellas
1171 1931 1257 1994 fixas
1280 1929 1438 2012 majores;

288 2037 390 2103 veluti
420 2059 494 2102 cum
527 2037 576 2102 sol
607 2038 741 2120 ponitur
767 2037 799 2100 in
832 2035 954 2114 Leone,
986 2037 1090 2120 magis
1116 2036 1240 2100 vicinus
1270 2035 1308 2100 fit
1339 2033 1439 2098 Cordi

289 2141 420 2220 Leonis,
437 2141 573 2206 Caudae
596 2141 727 2218 Leonis,
748 2150 783 2205 et
807 2139 926 2224 Spicae
941 2141 1094 2224 Virginis,
1112 2151 1146 2205 et
1169 2139 1265 2218 Sirio,
1288 2150 1323 2204 et
1346 2139 1440 2204 Cani-

289 2245 391 2322 culae,
407 2266 508 2328 quam
526 2266 602 2310 cum
623 2246 757 2329 ponitur
774 2245 806 2308 in
829 2243 965 2322 Cancr0,
981 2246 1037 2310 ubi
1058 2255 1169 2310 tamen
1191 2245 1297 2329 magis
1317 2243 1442 2309 sistitur

289 2350 332 2414 ad
348 2350 618 2433 perpendiculum
629 2347 664 2414 ⁴⁸.
702 2348 819 2431 Atque
834 2350 1032 2413 credendum
1045 2359 1096 2413 est
1108 2360 1219 2433 partes
1234 2348 1317 2414 coeli
1334 2347 1437 2430 majo·

290 2473 359 2517 rem
376 2453 545 2517 infundere
563 2453 706 2518 calorem
716 2449 807 2538 (licet
821 2455 864 2517 ad
880 2461 1005 2517 tactum
1026 2453 1161 2517 minime
1176 2448 1437 2536 perceptibilem)

290 2578 357 2640 quo
373 2558 479 2641 tnagis
494 2567 629 2622 ornatae
644 2559 707 2622 sint
723 2558 834 2636 stelliS,
850 2558 1045 2640 praesertim
1062 2557 1251 2640 majoribus.

338 2677 384 2741 19.
409 2661 553 2726 Omnino
576 2662 666 2727 calor
686 2661 878 2727 coelestium
901 2671 1040 2743 augetur
1061 2662 1167 2725 tribus
1193 2660 1320 2737 modis;
1350 2659 1440 2724 vide-

291 2765 368 2829 licet
390 2784 434 2829 ex
456 2764 699 2848 perpendiculo,
723 2785 766 2828 ex
793 2765 1041 2849 propinquitate
1063 2765 1132 2828 sive
1154 2763 1318 2847 perigaeo,
1340 2771 1374 2827 et
1396 2782 1440 2826 ex

291 2870 521 2953 conjunctione
535 2869 603 2933 sive
618 2870 783 2934 consortio
797 2869 978 2934 stellarum.

337 2991 386 3038 20.
410 2974 572 3058 Magnum
599 2975 735 3037 omnino
763 2974 926 3039 invenitur
954 2973 1162 3038 intervallum
1189 2973 1274 3036 iuter
1297 2970 1438 3037 calorem

292 3079 483 3144 animalium
499 3099 537 3143 ac
557 3079 658 3142 etiam
674 3079 841 3143 radiorum
863 3079 1055 3143 coelestium
1071 3077 1184 3163 (prout
1207 3079 1250 3141 ad
1271 3098 1331 3140 nos
1354 3077 1442 3142 defe-

293 3182 429 3271 runtur),
448 3195 548 3267 atque
570 3184 749 3262 flammam,
768 3187 844 3250 licet
863 3185 1074 3261 lenissimam,
1092 3195 1193 3268 atque
1216 3185 1316 3249 etiam
1339 3184 1442 3267 ignita

328 3422 350 3454 ⁴⁷
369 3427 431 3479 The
443 3425 561 3482 furthest
574 3425 630 3479 and
644 3435 754 3480 nearest
767 3424 909 3480 distantes
928 3425 1053 3479 between
1071 3425 1120 3479 the
1138 3424 1218 3479 earth
1236 3423 1294 3478 and
1314 3441 1366 3480 sun
1385 3442 1442 3493 are,

293 3507 325 3563 of
334 3525 441 3576 course,
455 3508 482 3562 in
496 3509 544 3564 the
555 3508 728 3577 Copemican
742 3518 847 3576 system
860 3508 1005 3563 described
1018 3525 1051 3563 as
1063 3507 1194 3578 aphelion
1209 3507 1265 3563 and
1280 3509 1442 3579 perihelion,

293 3601 342 3646 not
355 3610 387 3646 as
399 3609 505 3663 apogee
517 3593 574 3647 and
586 3593 705 3662 perigee.
741 3594 804 3646 The
816 3592 968 3648 variations
986 3592 1018 3646 of
1031 3591 1158 3648 distance
1170 3593 1242 3647 from
1254 3593 1303 3647 the
1316 3609 1377 3661 sun,
1389 3595 1443 3649 due

295 3685 324 3730 to
336 3674 384 3730 the
396 3675 500 3744 elliptic
512 3675 584 3730 orbit
596 3676 629 3730 of
639 3678 688 3731 the
706 3676 795 3743 earth,
815 3677 894 3737 have,
912 3694 944 3731 as
961 3695 978 3730 a
993 3685 1096 3731 matter
1106 3676 1138 3730 of
1147 3676 1211 3742 fact,
1222 3676 1293 3731 little
1306 3677 1444 3734 influence

295 3759 323 3813 in
336 3758 522 3827 determining
539 3769 731 3830 temperature,
748 3759 834 3828 being
850 3760 1051 3829 compensated
1068 3760 1105 3828 by
1121 3759 1169 3814 the
1187 3759 1338 3815 variations
1353 3760 1382 3815 in
1396 3762 1442 3816 the

294 3842 411 3910 angular
432 3842 560 3911 velocity.
598 3843 682 3898 Were
702 3841 722 3897 it
740 3853 789 3897 not
809 3843 851 3897 for
868 3843 925 3898 this
943 3845 1008 3910 fact,
1028 3844 1076 3898 the
1095 3859 1232 3898 summers
1254 3845 1311 3898 and
1331 3844 1443 3899 winters

294 3926 385 3979 would
404 3927 439 3979 be
459 3924 616 3981 intensified
635 3925 664 3980 in
686 3927 734 3982 the
759 3928 902 3992 southern,
926 3926 983 3981 and
1008 3925 1174 3982 moderated
1192 3925 1221 3980 in
1243 3927 1291 3982 the
1310 3929 1443 3983 northern

293 4009 479 4079 hemisphere.

331 4094 387 4146 For
404 4108 442 4146 an
459 4091 637 4162 explanation
656 4093 688 4147 of
700 4094 749 4148 the
767 4093 945 4162 phenomena
963 4093 995 4147 of
1009 4093 1058 4148 the
1075 4110 1200 4160 seasons,
1214 4109 1261 4148 see
1281 4094 1443 4150 Herschel's

295 4176 466 4245 Astronomy
479 4175 556 4244 (roth
570 4176 633 4244 Ed,
648 4173 661 4246 ξ
676 4175 820 4244 362-370).

330 4257 352 4288 ⁴⁸
370 4259 441 4313 This
453 4259 477 4314 is
490 4275 527 4313 an
544 4269 662 4329 attempt
675 4269 705 4314 to
723 4269 841 4314 account
853 4259 896 4314 for
906 4260 970 4331 July
983 4259 1068 4329 being
1084 4260 1176 4315 hotter
1188 4260 1256 4314 than
1270 4259 1318 4314 the
1336 4259 1402 4314 time
1415 4259 1447 4314 of

295 4343 343 4397 the
365 4359 488 4397 summer
506 4342 626 4398 solstice.
662 4343 725 4398 The
744 4353 805 4398 true
826 4359 928 4398 reason
947 4343 979 4408 is,
997 4344 1029 4397 of
1044 4361 1151 4410 course,
1170 4344 1217 4398 the
1235 4361 1313 4398 same
1331 4361 1363 4398 as
1381 4344 1442 4398 that

296 4426 339 4481 for
351 4428 399 4480 the
411 4426 488 4495 early
500 4427 644 4482 aftemoon
657 4426 741 4496 being
753 4427 845 4481 hotter
856 4427 924 4481 than
937 4427 1091 4496 noun-day,
1104 4428 1224 4496 namely,
1237 4427 1284 4481 the
1298 4427 1443 4482 increased

295 4509 432 4564 radiation
445 4509 477 4564 of
486 4509 552 4564 heat
563 4509 636 4564 from
648 4511 697 4565 the
708 4509 810 4565 earth’s
823 4511 938 4566 surface.
