3250 5138
643 405 724 461 ΜΒ.
745 405 788 462 ΙΙ.
814 397 866 475 48.
1267 401 1329 484 567

181 573 299 646 regunt
323 575 356 628 et
382 575 539 648 reguntur
563 563 711 640 invicem,
741 586 803 649 pro
833 565 1016 630 rationibus
1047 567 1176 651 vigoris,
1206 571 1331 650 quanti,

180 667 389 743 incitationis,
418 669 650 752 ejaculationis,
680 691 806 735 necnon
837 679 910 736 tum
937 669 1136 736 auxiliorum
1167 679 1238 736 tum
1269 673 1330 736 im·

180 773 445 853 pedimentorum
462 794 547 857 quae
562 785 747 840 occurrunt.

226 874 384 960 Exempli
416 863 543 960 gratia:
585 899 721 961 magnes
753 887 899 944 armatus
935 879 1110 945 nonnullus
1140 879 1268 945 detinet
1297 892 1331 946 et

181 981 352 1061 suspendit
375 981 505 1058 serrum,
528 983 570 1046 ad
592 982 851 1066 sexagecuplum
873 985 1003 1066 pondus
1026 985 1146 1068 ipsius3
1169 1005 1332 1068 eousque

181 1082 371 1148 dominatur
380 1096 490 1150 motus
500 1088 756 1168 congregationis
768 1087 907 1151 minoris
914 1109 1013 1170 super
1023 1099 1151 1154 motum
1160 1105 1333 1173 congrega·

182 1187 281 1251 tionis
295 1188 431 1270 majoris
439 1211 454 1262 ,·
478 1191 568 1271 quod
580 1191 607 1253 si
619 1190 724 1271 majus
737 1189 833 1255 luerit
844 1192 982 1273 pondus,
995 1193 1188 1258 succumbit.
1218 1192 1332 1270 Vectis

182 1291 265 1354 tanti
282 1293 408 1356 roboris
429 1293 615 1359 sublevabit
635 1304 764 1358 tantum
785 1294 936 1377 pondus;
959 1315 1000 1358 eo
1020 1315 1124 1379 usque
1144 1297 1332 1362 dominatur

182 1405 293 1459 motus
324 1395 486 1460 libertatis
511 1419 609 1481 super
637 1409 764 1462 motum
794 1400 1051 1480 congregationis
1080 1399 1242 1483 majbris,·
1281 1401 1332 1464 sin

182 1499 290 1580 majus
305 1499 401 1564 luerit
416 1502 555 1585 pondus,
570 1502 765 1566 succumbit.
807 1500 942 1566 Corium
960 1511 1089 1566 tensum
1106 1506 1149 1569 ad
1165 1514 1332 1568 tensuram

181 1602 283 1665 talem
314 1622 380 1667 non
411 1606 594 1688 rumpitur;
632 1626 672 1670 eo
702 1624 807 1688 usque
836 1605 1025 1670 dominatur
1053 1615 1162 1672 motus
1187 1610 1332 1671 continu-

182 1707 303 1770 ationis
316 1728 414 1789 super
431 1719 558 1774 motum
575 1719 724 1774 tonsurae
731 1731 747 1781 ,·
771 1709 903 1791 quodsi
924 1709 1058 1773 ulterior
1078 1710 1175 1775 luerit
1190 1721 1332 1790 tensura,

183 1812 345 1893 rumpitur
368 1813 504 1886 corium,
527 1823 561 1877 et
584 1813 767 1877 succumbit
791 1821 902 1876 motus
923 1812 1185 1878 continuationis.
1230 1813 1333 1898 Aqua

182 1934 241 1997 per
252 1914 368 1978 rimam
381 1914 608 1998 perforationis
620 1915 696 1981 talis
707 1915 829 1992 effluit3
852 1936 892 1980 eo
904 1935 1008 1998 usque
1020 1916 1210 1981 dominatur
1222 1928 1333 1981 motus

181 2021 439 2102 congregationis
460 2020 597 2102 majoris
617 2040 715 2104 super
739 2030 867 2084 motum
889 2020 1165 2092 continuationis·
1193 2022 1283 2102 quod
1305 2023 1333 2084 si

184 2123 290 2186 minor
314 2122 411 2187 luerit
433 2124 524 2200 rima,
547 2123 740 2199 succumbit,
763 2133 797 2187 et
818 2123 919 2187 vincit
942 2133 1052 2186 motus
1073 2125 1333 2188 continuationis.

184 2225 223 2288 In
239 2226 372 2309 pulvere
387 2227 551 2311 sulphuris
562 2226 662 2292 solius
676 2227 813 2291 immissi
822 2225 849 2265 ⁷⁰
866 2227 899 2290 in
914 2225 1099 2308 sclopetum
1116 2246 1191 2290 cum
1207 2228 1284 2311 pila,
1300 2238 1333 2291 et

182 2331 320 2395 admoto
344 2332 428 2414 igne,
445 2352 509 2395 non
532 2333 693 2396 emittitur
715 2331 784 2413 pila
796 2352 804 2410 ;
827 2330 861 2393 in
883 2351 923 2394 eo
947 2340 1057 2393 motus
1078 2333 1335 2413 congregationes

183 2434 321 2516 ntanris
343 2435 441 2500 vincit
467 2445 595 2498 motum
622 2434 717 2515 hyles.
761 2434 812 2498 At
838 2435 872 2497 in
900 2433 1034 2518 pulvere
1060 2434 1156 2517 pyrio
1184 2435 1333 2499 immisso

182 2538 282 2602 vincit
319 2547 429 2603 motus
465 2537 553 2622 hyles
584 2540 617 2602 in
646 2538 810 2621 sulphure,
843 2537 976 2619 adjutus
1009 2538 1154 2601 motibus
1184 2537 1272 2621 hyles
1299 2549 1332 2602 et

174 2643 282 2724 sagae
300 2643 332 2705 in
352 2644 448 2708 nitro.
494 2642 540 2707 Et
560 2643 605 2708 sic
625 2644 667 2706 de
687 2643 833 2708 caeteris.
879 2641 1013 2706 Etenim
1035 2643 1213 2706 instantiae
1230 2641 1334 2706 luctae

182 2743 282 2830 (quae
305 2747 449 2810 indicant
463 2747 786 2828 praedominantiam
806 2746 975 2821 vinutum,
996 2756 1030 2808 et
1051 2746 1232 2809 secundum
1251 2765 1333 2829 quas

183 2850 325 2914 rationes
347 2861 380 2914 et
403 2849 547 2915 calculos
569 2852 859 2935 praedominentur
885 2859 919 2913 et
945 2846 1176 2932 succumbant)
1202 2850 1269 2913 a'cri
1299 2861 1333 2913 et

182 2953 298 3017 sedula
314 2954 485 3036 diligentia
501 2956 642 3037 undique
658 2965 733 3019 sunt
749 2953 999 3036 conquirendae.

228 3057 343 3121 Etiam
360 3059 450 3122 modi
467 3069 501 3122 et
518 3059 659 3122 rationes
679 3059 781 3142 ipsius
800 3055 1069 3121 succumbentiae
1089 3065 1240 3120 motuum
1260 3054 1334 3120 dili·

183 3171 301 3244 genter
317 3172 395 3226 sunt
414 3160 698 3244 introspiciendae.
744 3161 884 3244 Nempe,
906 3181 949 3224 an
973 3160 1107 3224 omnino
1130 3169 1266 3237 cessent,
1280 3159 1334 3225 vel

183 3266 294 3350 potius
320 3285 423 3348 usque
450 3267 604 3344 nitantur,
629 3267 687 3330 sed
714 3265 865 3348 ligentur.
920 3263 1054 3327 Etenim
1081 3264 1114 3326 in
1141 3264 1335 3347 corporibus

183 3371 238 3434 hic
268 3371 357 3451 apud
388 3390 457 3447 nos,
483 3370 573 3434 nulla
598 3389 675 3435 vera
701 3380 752 3433 est
778 3370 880 3451 quies,
904 3387 964 3432 nec
991 3368 1025 3430 in
1052 3367 1187 3448 integris
1214 3387 1274 3432 nec
1300 3369 1333 3432 in

185 3475 336 3557 partibus
346 3496 354 3549 ;
378 3474 435 3536 sed
452 3483 583 3537 tantum
599 3474 779 3538 secundum
796 3473 1025 3556 apparentiam
1036 3469 1071 3534 ⁷⁷.
1103 3471 1207 3553 Quies
1221 3481 1334 3534 autem

218 3679 241 3711 ⁷⁸
262 3681 316 3736 Mr.
329 3679 400 3735 Ellis
412 3696 547 3750 proposes
561 3687 590 3734 to
602 3678 669 3734 read
683 3677 842 3732 ‘immisso’

218 3763 241 3794 ⁷⁷
262 3767 316 3820 See
329 3775 394 3819 note
406 3765 441 3818 68
453 3764 551 3818 above.
600 3762 662 3817 The
675 3760 737 3815 ‘hic
753 3761 829 3831 apud
846 3761 911 3815 nos’
924 3759 948 3814 is
966 3758 1092 3829 opposed
1109 3768 1137 3813 to
1154 3759 1203 3814 the
1221 3759 1335 3814 interior

184 3859 260 3920 parts
273 3849 305 3902 of
313 3849 360 3902 the
372 3847 462 3902 earth.
498 3847 561 3900 The
573 3845 749 3916 equilibrium
761 3846 793 3899 oi
801 3843 891 3899 entire
904 3843 1010 3910 bodies,
1024 3843 1060 3896 he
1073 3858 1219 3911 supposes,
1234 3841 1257 3897 is
1270 3844 1335 3911 only

184 3941 329 4003 apparent,
342 3931 433 3998 while,
447 3939 578 3997 amongst
589 3929 637 3984 the
650 3927 756 3983 minute
768 3926 899 3998 particles
911 3927 943 3981 of
952 3925 1057 3992 bodies,
1071 3924 1149 3979 there
1161 3923 1185 3978 is
1197 3943 1215 3978 a
1228 3925 1334 3980 motion

184 4015 342 4082 constantly
353 4013 439 4084 going
450 4029 550 4080 on,—a
563 4013 668 4066 ‘latens
681 4010 846 4082 processus,’
859 4027 876 4063 a
889 4009 972 4064 ‘latio
984 4026 1033 4079 per
1046 4007 1178 4062 minima!

220 4099 289 4152 This
309 4099 381 4166 idea,
400 4099 412 4152 1
431 4097 505 4152 need
521 4095 621 4164 hardly
636 4112 696 4163 say,
714 4094 737 4149 is
755 4094 782 4148 in
799 4093 972 4148 accordante
989 4091 1054 4146 with
1073 4092 1121 4145 the
1137 4091 1221 4146 views
1241 4089 1273 4144 oi
1287 4092 1335 4146 the

185 4193 259 4237 most
272 4191 365 4236 recent
378 4180 539 4251 physicists,
552 4179 614 4233 who
627 4179 726 4247 regard
739 4178 787 4232 the
800 4176 905 4230 minute
918 4175 1067 4230 molecules
1085 4174 1117 4228 ol
1127 4174 1217 4228 which
1233 4183 1335 4228 matter

185 4271 208 4325 is
227 4287 260 4324 or
277 4285 343 4338 may
358 4269 394 4324 be
413 4266 554 4338 supposed
573 4277 602 4320 to
620 4265 656 4320 be
673 4264 827 4336 composed
843 4281 875 4318 as
890 4263 977 4332 being
991 4263 1020 4318 in
1037 4278 1054 4315 a
1070 4271 1201 4316 constant
1218 4270 1291 4315 state
1307 4262 1339 4315 ol

185 4357 300 4412 motion.
330 4359 393 4424 See,
404 4355 448 4409 lor
457 4355 591 4420 instance,
602 4353 747 4423 Tyndall’s
758 4355 834 4408 Heat
844 4370 861 4406 a
872 4351 959 4406 Mode
969 4351 1001 4404 ol
1012 4350 1131 4417 Motion,
1140 4349 1191 4418 3rd
1199 4350 1253 4416 ed,
1264 4349 1307 4402 ch.
1318 4363 1334 4417 3

186 4441 252 4495 with
277 4440 324 4495 the
343 4437 502 4508 Appendirc
552 4439 594 4492 M.
613 4436 733 4491 Bouillet
757 4436 850 4505 points
875 4445 923 4490 out
944 4435 993 4490 the
1012 4433 1191 4489 coincidence
1210 4433 1335 4488 between

187 4525 305 4582 Bacon's
318 4522 432 4598 opinion
445 4522 502 4578 and
515 4521 576 4577 that
589 4521 621 4574 ol
635 4519 769 4586 Leibnitz,
781 4535 813 4574 as
830 4518 935 4588 sbewn,
948 4526 1077 4588 amongst
1093 4517 1175 4573 other
1190 4516 1293 4588 places,
1306 4515 1335 4572 in
