3342 5152
682 398 763 456 ΜΒ.
785 399 827 459 ll.
852 407 902 470 24.
1303 415 1365 474 421

216 560 393 626 Instantiis
407 561 637 646 Migrantibns
651 563 885 647 comprehendi
901 563 1045 629 debeant
1061 585 1126 630 non
1142 575 1272 630 tanturn
1292 567 1367 634 illae

217 685 303 747 quae
324 666 474 747 migrant
496 667 539 731 ad
565 669 812 750 generationem
839 677 873 732 et
898 665 1161 752 privationem⁴⁸,
1183 672 1243 735 sed
1266 672 1366 737 etiarn

217 767 293 833 illae
315 789 400 852 quae
424 770 568 852 migrant
589 770 632 834 ad
656 769 907 852 majorationem
931 781 964 836 et
988 771 1260 853 minorationem;
1290 796 1365 841 cum

217 872 292 937 illae
314 874 415 938 etiam
442 874 581 938 tendant
606 875 649 938 ad
678 875 903 940 inveniendam
926 876 1074 956 sormam,
1103 886 1141 941 ut
1166 898 1224 961 per
1250 879 1367 944 defini·

217 976 341 1041 tionem
356 977 485 1042 formae
499 976 646 1060 superius
660 979 781 1044 iactam
801 991 834 1044 et
854 979 998 1044 tabulam
1006 979 1177 1061 graduum
1193 984 1367 1050 manifesto

216 1079 328 1163 liquet.
386 1081 504 1164 Itaque
527 1103 683 1165 papyrus,
710 1104 796 1167 quae
813 1083 899 1150 sicca
925 1104 1000 1149 cum
1027 1083 1125 1151 luerit
1150 1087 1226 1152 alba
1249 1097 1308 1168 est,
1332 1097 1366 1154 at

216 1185 401 1250 madefacta
423 1184 573 1271 (excluso
600 1193 675 1250 aere
698 1198 731 1253 et
754 1198 887 1272 recepta
909 1186 1009 1274 aqua)
1032 1189 1138 1253 minus
1161 1190 1238 1256 alba
1260 1201 1310 1258 est
1333 1203 1367 1258 et

216 1291 321 1372 magis
351 1291 457 1372 vergit
486 1291 529 1353 ad
558 1290 771 1375 diaphanum,
798 1291 938 1356 similem
968 1292 1070 1357 habet
1100 1294 1260 1359 rationem
1290 1317 1365 1362 cum

216 1394 377 1459 instantiis
395 1393 599 1476 supradictis

724 1534 855 1599 XXIV.

261 1687 350 1752 lnter
373 1689 618 1773 praerogativas
641 1689 878 1766 instantiarum,
900 1689 998 1754 tertio
1025 1689 1099 1755 loco
1126 1711 1285 1774 ponemus
1306 1691 1365 1756 In·

213 1793 356 1856 stantias
387 1791 585 1870 Ostensivas‚
614 1795 658 1858 de
687 1795 806 1876 quibus
838 1793 870 1856 in
901 1792 1154 1858 vindemiatione
1182 1793 1298 1877 prima
1327 1795 1367 1860 de

218 1893 330 1961 Calida
353 1897 555 1962 mentionem
578 1898 733 1976 lecimus3
760 1918 842 1980 quas
864 1899 964 1961 etiam
987 1897 1274 1974 Elncescentias⁴⁹‚
1296 1899 1365 1964 sive

213 1999 397 2064 Instantias
410 2000 586 2065 Liberatus
596 2011 630 2064 et
638 2001 939 2076 Praedominantas,
948 2000 1115 2084 appellare
1127 2003 1365 2067 consuevimus.

215 2103 286 2167 Eae
309 2114 393 2181 sunt,
409 2125 495 2187 quae
517 2105 697 2170 ostendunt
717 2115 869 2169 naturam
886 2104 1073 2187 inquisitam
1089 2106 1213 2169 nudam
1231 2115 1264 2170 et
1287 2107 1365 2170 sub·

214 2206 400 2281 stantivam‚
420 2219 522 2290 atque
541 2207 642 2272 etiam
662 2208 695 2270 in
718 2207 922 2272 exaltatione
946 2229 1005 2272 sua
1025 2218 1082 2272 aut
1104 2229 1236 2272 summo
1259 2209 1365 2292 gradu

214 2311 382 2393 potentiae
397 2332 475 2376 suae
489 2337 496 2390 ;
521 2311 763 2394 emancipatam
779 2311 911 2389 scilicet,
927 2321 960 2375 et
977 2311 1148 2374 liberatam
1163 2313 1207 2375 ab
1226 2313 1366 2396 impedi-

216 2415 341 2492 mentis,
357 2414 408 2478 vel
428 2414 547 2480 saltem
571 2435 630 2499 per
649 2415 874 2479 fortitudinem
895 2433 974 2479 suae
988 2415 1118 2479 virtutis
1137 2415 1364 2480 dominantem

213 2539 311 2601 super
329 2518 409 2602 ipsa,
433 2539 537 2601 eaque
558 2519 818 2602 supprimentem
847 2527 880 2582 et
906 2526 1122 2582 coercentem.
1169 2515 1253 2582 Cum
1277 2519 1365 2582 enirn

213 2642 311 2686 omne
324 2642 442 2706 corpus
457 2623 613 2705 suscipiat
629 2623 749 2686 multas
765 2633 955 2687 naturarum
970 2621 1093 2686 formas
1107 2620 1279 2706 copulatas
1289 2620 1317 2661 ⁶⁰
1332 2631 1365 2686 et

214 2725 247 2789 in
269 2738 429 2800 concreto,
453 2725 490 2791 fit
513 2727 636 2790 utalia
659 2727 759 2791 aliam
786 2726 949 2804 retundat,
972 2725 1145 2810 deprimat,
1167 2725 1307 2810 frangat,
1330 2737 1365 2792 et

215 2829 313 2914 liget;
341 2832 428 2894 unde
446 2833 663 2896 obscurantur
678 2831 802 2896 formae
818 2829 976 2914 singulae.
1022 2830 1237 2895 Inveniuntur
1252 2838 1371 2894 autern-

213 2933 362 3016 subjecta
385 2934 542 2999 nonnulla
565 2936 597 2998 in
615 2935 736 3018 quibus
754 2945 872 2999 natura
895 2933 1052 3017 inquisita
1069 2954 1148 3017 prae
1169 2933 1243 2998 aliis
1260 2943 1311 2998 est
1330 2935 1364 2997 in

214 3059 273 3103 suo
291 3039 412 3122 vigore,
430 3038 482 3101 vel
502 3059 560 3122 per
580 3038 763 3102 absentiam
787 3037 1015 3122 impedimenti
1029 3037 1083 3100 vel
1101 3057 1160 3120 per
1178 3037 1363 3120 praedomi-

214 3141 360 3205 nantiam
380 3141 521 3207 virtutis.
567 3139 768 3223 Hujusmodi
790 3151 902 3205 autem
921 3139 1098 3204 instantiae
1120 3148 1197 3204 sunt
1217 3139 1364 3203 maxime

212 3247 391 3310 ostensivae
406 3246 540 3310 formae.
585 3247 710 3310 Verum
729 3257 762 3310 et
778 3247 810 3310 in
827 3245 878 3310 his
893 3246 972 3329 ipsis
993 3244 1157 3308 instantiis
1175 3243 1365 3308 adhibenda

249 3483 270 3514 ⁴³
291 3487 302 3539 Ι
316 3485 389 3539 have
401 3484 496 3538 drawn
509 3484 647 3538 attention
659 3485 749 3538 above
763 3483 802 3552 (n.
811 3481 857 3552 40)
872 3493 901 3537 to
914 3483 962 3537 the
981 3481 1224 3551 correspondence
1236 3479 1362 3536 between

214 3567 271 3622 this
292 3568 503 3636 ‘Prerogative'
523 3567 581 3622 and
605 3569 654 3622 the
677 3567 796 3622 Method
815 3565 848 3621 os
870 3565 1068 3622 Concomitant
1090 3563 1260 3620 Variations.
1299 3567 1362 3632 But,

214 3651 321 3720 strictly
334 3651 477 3721 speaking,
491 3669 529 3706 an
548 3651 674 3706 instance
686 3651 777 3705 which
797 3650 915 3705 ‘travels
933 3659 962 3704 to
978 3647 1142 3718 generation
1158 3666 1190 3703 or
1208 3647 1362 3718 privation,’

214 3744 243 3789 at
255 3736 326 3790 least
338 3745 367 3789 at
381 3735 428 3790 the
447 3734 555 3806 precise
573 3743 697 3790 moment
711 3735 791 3788 when
805 3734 825 3789 it
838 3734 959 3802 actually
971 3732 1074 3787 attains
1092 3740 1121 3786 to
1140 3731 1231 3786 either
1243 3732 1291 3786 the
1308 3747 1362 3784 one

214 3835 246 3872 or
258 3820 306 3872 the
322 3819 404 3873 other
417 3817 488 3888 (that
506 3818 538 3884 is,
552 3817 632 3872 when
649 3817 697 3872 the
717 3818 922 3887 phennmennn,
936 3825 985 3870 not
1005 3815 1111 3884 having
1129 3814 1238 3869 existed
1257 3813 1362 3880 before,

214 3901 237 3956 is
250 3900 401 3971 produced,
414 3917 454 3968 or,
467 3901 571 3970 having
583 3900 690 3956 existed
702 3899 805 3967 before,
819 3897 971 3967 vanishes),
986 3898 1047 3953 falls
1061 3897 1149 3952 under
1162 3898 1209 3952 the
1221 3894 1302 3964 head,
1313 3907 1363 3950 not

213 3986 244 4040 oi
260 3985 309 4040 the
330 3984 450 4039 Method
471 3984 502 4040 ot
520 3984 719 4040 concomitant
737 3983 908 4050 Variations,
927 3983 977 4036 but
997 3980 1027 4036 oi
1046 3982 1094 4035 tbe
1115 3979 1233 4035 Method
1252 3978 1283 4033 oi
1298 3977 1362 4032 Dir-

213 4068 330 4124 terence.
369 4069 415 4122 On
430 4070 478 4123 the
496 4069 571 4124 close
589 4068 705 4123 relation
719 4068 751 4121 oi
767 4068 846 4122 these
865 4076 920 4130 two
936 4064 1067 4120 methods
1079 4073 1109 4117 to
1125 4063 1197 4118 each
1213 4062 1300 4129 other,
1314 4078 1362 4116 see

213 4168 262 4219 my
282 4151 429 4206 Inductive
449 4151 542 4220 Logic,
561 4151 650 4206 under
674 4152 722 4205 the
747 4150 821 4206 head
845 4151 876 4205 oi
898 4151 945 4204 the
972 4147 1090 4204 Method
1111 4145 1143 4200 of
1165 4144 1361 4201 concomitant

213 4233 384 4290 Variations.

249 4316 271 4348 ⁴⁹
291 4319 390 4374 Hence
407 4319 455 4374 the
474 4334 603 4372 common
622 4334 705 4373 name
723 4316 766 4372 lor
785 4318 863 4372 these
882 4315 1035 4382 instances,
1049 4311 1183 4382 ‘Glaring
1196 4310 1360 4366 instances'

215 4402 266 4472 Cp.
278 4402 353 4472 Aph.
367 4416 402 4456 20
413 4402 450 4456 ad
464 4400 524 4456 init.

249 4482 271 4514 ⁵⁰
290 4486 342 4555 Cp.
349 4487 424 4556 Aph.
439 4498 478 4554 17,
488 4483 545 4540 and
558 4502 605 4541 see
617 4502 666 4555 my
678 4494 745 4540 note
757 4501 832 4554 upon
845 4485 893 4539 the
907 4481 1077 4554 expression,
1085 4497 1117 4536 as
1131 4479 1151 4535 it
1165 4495 1263 4534 occurs
1275 4477 1361 4534 there.
