3342 5152
721 419 801 480 ΜΒ.
823 420 867 476 ΙΙ.
891 430 940 480 20.
1339 431 1404 500 405

254 581 352 666 longe
367 583 473 666 magis
488 583 665 667 conspicua
688 584 851 649 invenitur
866 583 973 649 forma
991 593 1024 649 et
1044 587 1177 651 evidens
1193 587 1226 651 in
1241 587 1404 673 aliquibus

252 688 429 766 instantiis,
449 707 550 769 quam
573 689 605 750 in
626 688 719 764 aliis;
747 689 779 752 in
805 689 843 752 iis
863 687 1026 764 videlicet,
1048 688 1103 753 ubi
1128 693 1236 756 minus
1259 693 1405 759 cohibita

252 801 302 854 est
332 801 449 854 natura
475 792 601 856 formae
630 803 663 856 et
691 793 849 876 impedita
878 803 912 856 et
942 795 1077 859 redacta
1106 795 1139 859 in
1170 797 1319 860 ordinem
1346 818 1404 881 per

251 905 384 959 naturas
407 895 496 958 alias.
543 895 743 977 Hujusmodi
769 907 881 960 autem
904 896 1086 974 instantias,
1109 897 1328 964 elucescentias
1349 901 1401 965 vel

252 1000 430 1063 instantias
443 1001 621 1064 ostensivas
635 999 802 1083 appellare
813 1000 1083 1066 consuevimus⁹⁸.
1123 1003 1329 1086 Pergendum
1343 1004 1403 1072 ita·

250 1121 315 1182 que
330 1112 381 1166 est
396 1104 438 1166 ad
456 1103 740 1168 vindemiationem
755 1105 862 1187 ipsam
870 1107 1020 1187 primam
1035 1106 1077 1171 de
1092 1106 1198 1171 forma
1212 1107 1318 1172 calidi.

381 1291 443 1356 Per
465 1293 632 1358 universas
653 1304 687 1358 et
708 1293 853 1376 singulas
872 1295 1057 1374 instantias,
1072 1305 1190 1360 natura
1211 1295 1302 1379 cujus
1318 1297 1401 1362 limi-

336 1397 420 1461 tatio
437 1407 488 1462 est
507 1398 597 1462 calor
612 1398 743 1462 videtur
764 1419 835 1463 esse
859 1409 977 1464 motus.
1025 1395 1101 1465 Hoc
1120 1411 1233 1464 autern
1254 1403 1403 1466 maxime

336 1502 522 1566 ostenditur
551 1501 584 1564 in
614 1501 758 1580 flamma,
787 1523 872 1586 quae
905 1512 1066 1587 perpetuo
1096 1515 1265 1584 movetur;
1303 1515 1337 1570 et
1368 1507 1401 1570 in
1482 1587 1487 1596 .

337 1605 519 1688 liquoribus
548 1605 747 1671 serventibus
775 1615 832 1670 aut
863 1605 1084 1686 bullientibus,
1111 1608 1168 1691 qui
1198 1609 1299 1673 etiam
1327 1631 1400 1694 per·

335 1719 437 1793 petuo
457 1719 638 1774 moventur.
684 1710 801 1794 Atque
823 1711 1008 1776 ostenditur
1030 1712 1131 1776 etiam
1155 1712 1187 1776 in
1211 1713 1401 1779 incitatione

334 1815 402 1878 sive
418 1815 618 1880 incremento
633 1814 752 1880 caloris
766 1814 855 1878 sacto
871 1835 931 1898 per
946 1825 1094 1891 motum;
1120 1825 1157 1879 ut
1173 1816 1205 1879 in
1221 1815 1354 1881 follibus
1363 1818 1399 1892 ⁹⁰,

335 1927 369 1981 et
385 1919 512 1994 ventis;
535 1919 576 1982 de
592 1939 659 2001 quo
674 1919 749 1982 vide
772 1918 910 1982 Instant.
927 1935 978 2000 29.
995 1916 1079 1984 Tab.
1097 1937 1126 2002 3.
1171 1918 1288 2003 Atque
1310 1921 1401 1985 simi·

335 2021 411 2084 liter
430 2022 462 2084 in
479 2022 551 2086 aliis
571 2022 678 2086 modis
702 2031 820 2100 motus,
841 2023 884 2086 de
906 2023 1026 2105 quibus
1044 2023 1120 2086 vide
1143 2021 1283 2088 Instant.
1301 2025 1351 2090 28.
1367 2035 1401 2090 et

335 2143 387 2208 31.
410 2126 494 2190 Tab.
516 2143 546 2210 3.
607 2125 735 2189 Rursus
757 2126 941 2190 ostenditur
969 2124 1003 2189 in
1033 2127 1236 2192 extinctione
1258 2129 1344 2212 ignis
1367 2140 1400 2193 et

334 2229 451 2294 caloris
473 2249 532 2313 per
554 2249 685 2293 omnem
709 2229 826 2294 sonem
855 2229 1142 2313 compressionem,
1167 2221 1252 2314 quae
1274 2233 1400 2300 fraenat

333 2342 367 2397 et
389 2355 515 2399 cessare
538 2334 616 2398 iacit
640 2343 790 2408 motum;
813 2334 855 2399 de
872 2354 939 2416 qua
961 2334 1036 2397 vide
1060 2333 1198 2399 Instant.
1219 2354 1269 2420 30.
1293 2346 1327 2401 et
1348 2354 1399 2420 32.

332 2437 416 2503 Tab.
433 2455 463 2520 3.
508 2437 704 2503 Ostenditur
720 2439 821 2502 etiam
843 2438 877 2501 in
900 2437 973 2515 hoc,
989 2441 1079 2520 quod
1095 2459 1193 2503 omne
1209 2459 1326 2524 corpus
1342 2443 1399 2505 de·

332 2543 470 2606 struitur
484 2553 542 2606 aut
554 2541 671 2607 saltem
688 2542 859 2625 insigniter
869 2541 1028 2607 alteratur
1041 2542 1085 2606 ab
1099 2543 1189 2606 omni
1206 2543 1281 2627 igne
1296 2555 1330 2610 et
1346 2564 1399 2609 ea·

332 2645 401 2710 lore
412 2646 488 2710 sorti
499 2666 538 2711 ac
549 2647 756 2725 vehementi;
779 2648 867 2710 unde
883 2645 1011 2729 liquido
1026 2655 1164 2720 constat,
1177 2646 1247 2710 fieri
1259 2668 1279 2711 a
1291 2647 1398 2712 calore

331 2749 510 2814 tumultum
529 2759 563 2814 et
586 2749 865 2834 perturbationem
881 2759 915 2813 et
931 2760 1059 2814 motum
1074 2769 1185 2814 acrem
1201 2751 1233 2814 in
1250 2752 1398 2834 partibus

332 2854 466 2919 internis
481 2855 636 2936 corporis,
651 2854 707 2937 qui
724 2853 845 2918 sensim
861 2853 967 2937 vergit
982 2854 1025 2918 ad
1040 2853 1294 2918 dissolutionem
1306 2853 1331 2919 ¹.

289 3043 497 3129 Intelligatur
512 3047 574 3112 hoc
590 3045 680 3129 quod
696 3043 842 3110 diximus
858 3046 900 3110 de
915 3055 1010 3110 motu
1026 3042 1168 3131 (nempe,
1184 3055 1221 3110 ut
1236 3043 1279 3110 sit
1295 3043 1397 3110 instar

244 3151 372 3232 generis
390 3151 433 3215 ad
449 3146 617 3236 calorem),
631 3170 697 3214 non
713 3151 803 3232 quod
820 3149 910 3214 calor
925 3159 1058 3233 generet
1075 3158 1213 3228 motum,
1229 3159 1286 3214 aut
1303 3151 1394 3232 quod

245 3265 355 3319 motus
369 3262 504 3337 generet
525 3254 667 3319 calorem
683 3251 773 3339 (licet
793 3263 826 3318 et
846 3253 929 3319 haec
951 3255 982 3317 in
1001 3251 1189 3337 aliquibus²
1209 3273 1286 3318 vera
1305 3250 1394 3338 sint),

242 3360 300 3424 sed
317 3360 407 3441 quod
428 3359 610 3440 ipsissimus
631 3356 728 3437 calor,
743 3357 813 3423 sive
835 3358 918 3441 qnid
934 3357 1061 3440 ipsum³
1082 3356 1208 3435 caloris,
1223 3358 1266 3422 sit
1282 3369 1394 3423 motus

279 3529 301 3562 ‘⁹
319 3532 374 3587 See
386 3531 412 3586 Α
433 3531 460 3586 h.
473 3545 489 3584 2
509 3571 516 3584 .

278 3612 299 3645 ⁹⁰
319 3616 365 3668 On
385 3548 441 3669 this
457 3546 515 3668 aad
533 3630 610 3669 some
622 3614 654 3668 of
664 3614 711 3669 the
728 3614 809 3668 other
826 3613 966 3669 instances
984 3616 1050 3670 here
1067 3613 1179 3669 alluded
1196 3625 1235 3682 to,
1248 3629 1296 3669 see
1314 3623 1394 3670 notes

241 3699 340 3752 above.
376 3699 430 3752 We
443 3697 515 3752 have
528 3714 590 3751 now
602 3697 723 3753 reached
735 3715 752 3752 a
765 3697 843 3767 point
855 3707 884 3752 at
897 3697 988 3752 which
1002 3698 1023 3753 it
1036 3699 1167 3752 becomes
1180 3697 1353 3766 superfluous
1366 3707 1395 3752 to

241 3779 363 3836 criticise
375 3781 404 3835 in
418 3780 501 3836 detail
517 3780 608 3836 either
620 3781 668 3835 the
685 3780 825 3836 Instances
842 3781 1009 3838 themselves
1025 3797 1058 3835 or
1069 3781 1118 3836 the
1136 3780 1289 3836 inierences
1306 3781 1395 3836 based

242 3882 318 3936 upon
331 3866 416 3920 them.

277 3947 286 3980 ¹
306 3950 400 4004 These
413 3949 482 4004 facts
495 3965 543 4003 are
556 3950 616 4003 well
628 3948 686 4003 aud
699 3948 835 4016 correctly
845 3948 947 4015 stated,
957 3948 1064 4017 though
1078 3949 1175 4001 Bacon
1188 3946 1237 4001 did
1250 3956 1298 4001 not
1310 3947 1393 4001 know

242 4032 317 4086 what
327 4033 458 4087 becomes
471 4032 503 4086 oi
511 4032 559 4087 the
572 4041 648 4101 parts
661 4030 692 4085 oi
703 4033 751 4086 the
764 4031 848 4100 body,
861 4048 898 4085 on
911 4029 1109 4085 ‘dissolution’

276 4112 287 4146 ¹
306 4117 383 4171 Heat
395 4115 453 4169 and
465 4115 570 4170 motion
583 4133 631 4170 are
643 4125 692 4170 not
705 4116 770 4184 only
783 4115 979 4183 occasionally,
992 4116 1042 4169 but
1054 4112 1209 4182 invariably
1221 4111 1392 4168 convertible

240 4217 274 4254 or
285 4199 402 4270 capable
414 4199 445 4254 oi
454 4198 571 4269 passing
582 4199 641 4254 into
653 4199 724 4254 each
737 4199 824 4253 other.

276 4280 286 4312 ³
304 4285 334 4336 nl
352 4283 377 4336 τί
395 4283 461 4337 ἐστι.
498 4283 584 4350 Here,
598 4283 630 4336 ol
644 4299 749 4349 course,
762 4283 833 4336 form
852 4281 876 4336 is
893 4282 963 4337 used
980 4280 1192 4352 unequivocally
1203 4279 1248 4334 ior
1260 4279 1392 4334 ‘nature’

240 4365 427 4421 or‘essence.’
453 4368 504 4436 Cp.
515 4367 564 4421 the
575 4365 750 4436 expressions
762 4366 867 4421 below:
888 4364 1074 4420 ‘differentias
1083 4379 1174 4432 veras,
1185 4380 1256 4434 quae
1271 4361 1390 4421 limitent

239 4459 356 4518 motum,
369 4459 397 4506 et
410 4450 583 4505 constituunt
600 4467 664 4505 eum
681 4449 710 4504 iu
722 4450 841 4504 formam
857 4447 938 4504 calidi
950 4451 968 4517 ;’
988 4449 1092 4503 ‘lorma
1108 4445 1168 4502 sive
1187 4443 1312 4502 definitio
1323 4463 1390 4502 vera

239 4531 355 4590 catoris!
