3376 5144
715 401 1045 469 INTRODUCTION.
1120 413 1140 418 “’

445 691 529 780 tm.
560 690 712 758 axcotv’s
734 705 939 773 naysc‘rron
960 705 1007 760 or
1030 705 1145 760 mima
1167 699 1304 760 causus

769 827 811 890 m
832 827 995 884 anvsrcs.

344 981 417 1039 Tris
432 989 496 1039 true
507 975 564 1056 lrcy
575 985 607 1039 to
620 973 746 1038 Bacon’s
756 977 845 1038 vievrs
859 996 899 1038 on
913 979 966 1039 the
980 977 1183 1056 employment
1197 979 1232 1038 of
1243 977 1328 1038 Finaf
1339 978 1453 1040 Causes

303 1076 328 1136 is
343 1088 374 1137 to
388 1077 427 1138 be
441 1074 536 1137 found
550 1078 581 1136 in
595 1077 647 1137 the
661 1079 709 1136 De
724 1077 909 1154 Augmentis,
925 1077 965 1136 iii.
981 1095 1009 1150 4
1052 1077 1138 1154 They
1151 1095 1201 1136 are
1220 1075 1304 1137 there
1322 1076 1453 1153 rejected

256 1200 259 1209 =
303 1175 379 1235 from
403 1176 533 1254 Physics‚
556 1175 610 1235 but
632 1174 810 1235 transferred
834 1184 866 1234 to
886 1175 965 1234 what
990 1176 1093 1234 Bacon
1118 1175 1189 1234 calls
1213 1175 1452 1254 ‘Metaphysics'

305 1273 541 1351 ‘Metaphysicae
555 1291 622 1350 pars
637 1273 769 1333 secunda
783 1282 829 1332 est
844 1273 992 1332 Finalium
1007 1272 1172 1334 Causarum
1187 1273 1348 1350 inquisitio,
1361 1291 1453 1350 quam

302 1389 364 1431 non
392 1383 424 1432 ut
452 1371 688 1449 praetermissam
713 1371 766 1431 sed
791 1379 824 1430 ut
847 1369 926 1431 male
952 1371 1130 1430 collocatam
1158 1379 1306 1430 notamus.
1348 1372 1452 1431 Solent

301 1470 382 1530 enim
403 1470 512 1546 inquiri
533 1470 609 1529 inter
630 1469 763 1545 Physica,
783 1487 846 1528 non
867 1469 944 1528 inter
965 1469 1179 1546 Metaphysica
1223 1469 1406 1546 Quanquam
1428 1470 1452 1529 si

301 1567 413 1628 ordinis
435 1569 493 1628 hoc
513 1567 612 1628 solum
631 1567 735 1628 vitium
756 1577 842 1640 esset,
858 1585 920 1627 non
941 1567 1015 1626 mihi
1029 1567 1116 1626 fuerit
1136 1567 1219 1626 tanti.
1263 1567 1348 1628 Ordo
1370 1568 1451 1627 enirn

301 1666 340 1726 ad
354 1667 580 1726 illustrationem
598 1666 734 1743 pertinet,
750 1683 849 1742 neque
867 1675 912 1726 est
931 1682 967 1724 ex
985 1664 1151 1724 substantia
1169 1665 1368 1724 scientiarum.
1410 1667 1452 1726 At

302 1765 376 1823 haec
397 1764 509 1824 ordinis
530 1764 658 1823 inversio
679 1763 831 1824 defectum
851 1763 998 1840 insignem
1019 1763 1141 1841 peperit,
1157 1774 1186 1823 et
1208 1764 1368 1822 maximam
1389 1763 1452 1840 phi·

301 1863 456 1940 losophiae
470 1861 586 1921 induxit
604 1862 811 1924 calamitatem.
854 1861 1006 1921 Tractatio
1025 1861 1106 1920 enirn
1121 1861 1287 1922 Causarum
1302 1863 1450 1921 Finalium

301 1961 332 2020 in
348 1960 480 2038 Physicis
501 1959 724 2036 inquisitionem
744 1960 909 2021 Causarum
927 1959 1118 2035 Physicarum
1140 1959 1251 2034 expulit
1272 1969 1302 2019 et
1323 1960 1451 2036 dejecit;

300 2058 458 2134 effecitque
473 2068 505 2117 ut
519 2058 656 2117 homines
675 2058 706 2116 in
725 2057 893 2118 istiusmodi
912 2057 1054 2133 speciosis
1075 2066 1105 2117 et
1125 2055 1332 2117 umbratilibus
1353 2059 1451 2118 causis

300 2157 532 2232 acquiescerent,
542 2173 600 2214 nec
610 2155 835 2232 inquisitionem
843 2172 999 2214 causamm
1008 2155 1131 2214 realium
1142 2165 1172 2214 et
1180 2171 1248 2214 vere
1259 2156 1450 2233 Physicarum

301 2263 422 2313 strenue
442 2263 597 2331 urgerent3
618 2251 731 2330 ingenti
752 2253 942 2314 scientiarum
962 2251 1142 2312 detrimento
1151 2252 1190 2312 ⁵¹3
1233 2255 1285 2312 He
1305 2253 1450 2330 proceeds

300 2364 333 2412 to
347 2353 413 2428 give
427 2352 584 2424 instances‚
600 2351 661 2411 and
680 2362 712 2412 to
731 2350 823 2428 spealr
842 2353 878 2411 of
894 2351 1043 2424 Aristotle,
1060 2351 1154 2424 Plato,
1171 2352 1370 2424 Democritus,
1386 2358 1447 2426 otc,

300 2450 331 2508 in
352 2467 370 2509 a
391 2468 515 2527 passage
535 2449 630 2508 which
652 2450 677 2508 is
695 2450 760 2509 well
781 2450 892 2527 vorthy
911 2450 946 2509 of
962 2450 1014 2508 the
1034 2449 1178 2509 student's
1199 2450 1354 2510 attention.
1398 2452 1450 2510 He

301 2549 373 2607 then
387 2549 564 2608 continues:
588 2549 715 2624 ‘Neque
729 2549 805 2608 haec
819 2566 857 2608 eo
871 2547 998 2608 dicimus
1018 2548 1101 2624 quod
1117 2548 1234 2609 Causae
1248 2549 1316 2608 illae
1331 2549 1449 2608 Finales

301 2665 388 2706 verae
406 2665 468 2705 non
487 2647 554 2720 sint,
570 2657 600 2706 et
620 2647 812 2722 inquisitione
829 2645 995 2705 admodum
1013 2646 1129 2723 dignae,
1146 2647 1177 2705 in
1196 2647 1449 2723 speculationibus

301 2745 525 2821 Metaphysicae
531 2765 539 2818 3
561 2744 615 2804 sed
629 2745 707 2822 quia,
723 2745 841 2804 durnin
857 2745 1048 2821 Physicarum
1063 2745 1228 2806 Causarum
1245 2747 1449 2822 possessiones

300 2852 458 2904 excurrunt
472 2852 501 2902 et
516 2844 637 2916 irruunt,
650 2844 757 2903 misere
770 2861 838 2903 eam
851 2841 1034 2920 provinciam
1049 2840 1269 2919 depopulantur
1282 2853 1312 2902 et
1323 2854 1447 2902 vastant.

300 2941 452 3017 Alioquin,
469 2941 493 3000 si
514 2941 606 3000 modo
627 2942 702 3001 intra
723 2941 866 3001 terminos
887 2959 957 3000 snos
978 2953 1178 3015 coerceantur,
1194 2959 1374 3018 magnopere
1389 2943 1449 3000 hal·

299 3039 468 3098 lucinantur
493 3039 664 3114 quicunque
688 3057 738 3097 eas
760 3039 894 3115 Physicis
914 3039 1021 3099 Causis
1044 3039 1191 3098 adversari
1213 3049 1264 3098 aut
1285 3057 1449 3116 repugnare
1538 3120 1540 3124 .

300 3137 422 3212 putent!
439 3135 453 3166 *
471 3135 485 3166 *
503 3135 518 3168 *
535 3134 550 3166 *
568 3135 581 3166 *
600 3138 727 3212 ‘Neque
748 3155 818 3196 vero
839 3137 894 3195 ista
915 3156 961 3196 res
982 3138 1013 3195 in
1035 3136 1161 3197 dubium
1182 3146 1268 3196 vocat
1290 3137 1449 3196 Providen-

300 3235 371 3293 tiam
394 3233 544 3307 Divinam,
564 3244 615 3293 aut
635 3235 663 3292 ei
685 3234 847 3310 quicquam
871 3234 1001 3312 derogat,
1022 3235 1076 3294 sed
1097 3235 1197 3312 potius
1218 3236 1346 3294 eandem
1367 3236 1448 3294 miris

300 3332 398 3392 modis
425 3331 582 3390 confirmat
609 3342 639 3391 et
667 3331 783 3392 evehit’
807 3330 951 3364 *****
976 3333 1080 3392 ‘Adeo
1108 3342 1140 3391 ut
1167 3343 1282 3392 tantum
1310 3332 1388 3392 absit
1415 3343 1448 3393 ut

299 3432 417 3491 Causae
432 3429 575 3506 Physicae
594 3430 732 3489 homines
747 3449 764 3488 a
779 3431 847 3490 Deo
862 3441 891 3490 et
906 3430 1096 3490 Providentia
1115 3429 1275 3504 abducant,
1292 3440 1324 3489 ut
1344 3442 1447 3491 contra

300 3529 398 3604 potius
413 3528 584 3604 philosophi
598 3528 639 3586 illi
654 3529 705 3604 qui
720 3528 751 3586 in
765 3529 873 3588 iisdem
887 3530 1026 3589 eruendis
1040 3530 1177 3606 occupati
1194 3529 1313 3588 fuerunt
1332 3530 1447 3588 nullum

299 3629 411 3686 exitum
425 3628 467 3686 rei
481 3628 628 3703 reperiant
647 3628 703 3685 nisi
722 3637 874 3704 postremo
892 3627 932 3687 ad
947 3629 1048 3688 Deum
1062 3637 1091 3687 et
1107 3628 1327 3688 Providentiam
1346 3629 1448 3688 confu-

299 3726 397 3802 giant’
418 3727 466 3785 To
478 3725 561 3784 these
572 3725 742 3800 quotations
754 3744 822 3802 may
831 3725 869 3785 be
880 3725 980 3785 added
989 3743 1073 3785 some
1084 3727 1119 3785 of
1125 3726 1176 3785 the
1188 3745 1325 3803 passages
1335 3727 1447 3802 quoted

299 3843 333 3882 or
346 3823 474 3882 referred
485 3833 516 3882 to
527 3823 559 3881 in
570 3823 620 3881 the
635 3824 749 3883 section
764 3843 804 3882 on
817 3825 942 3882 Bacon’s
955 3824 1108 3900 Religious
1120 3824 1277 3900 Opinions,
1289 3825 1447 3901 especially

298 3922 384 3980 those
399 3921 429 3979 in
444 3921 495 3979 the
510 3921 604 3996 Essay
617 3938 658 3979 on
673 3921 809 3980 Atheism
823 3921 884 3980 and
899 3921 929 3980 in
944 3922 995 3980 the
1010 3923 1058 3980 De
1072 3922 1258 3998 Augmentis,
1275 3922 1313 3980 iii.
1332 3941 1357 3980 2.

338 4017 406 4078 The
430 4019 552 4078 student
576 4018 643 4077 who
668 4018 721 4077 has
745 4019 885 4097 carefully
906 4019 1085 4079 considered
1110 4018 1194 4079 these
1218 4037 1357 4096 passages
1380 4019 1445 4092 will,

299 4119 313 4176 I
330 4117 423 4189 think,
436 4115 475 4175 be
489 4115 557 4175 able
571 4127 602 4175 to
618 4117 693 4175 form
707 4117 797 4193 ajust
812 4118 947 4176 estimate
962 4118 997 4176 of
1007 4117 1058 4176 the
1072 4127 1172 4177 extent
1186 4129 1218 4176 to
1233 4117 1328 4176 which
1343 4119 1446 4177 Bacon

298 4215 351 4275 did
365 4215 426 4273 and
440 4212 491 4274 the
506 4225 606 4274 extent
620 4224 653 4274 to
666 4215 762 4273 which
776 4215 816 4274 he
829 4215 882 4275 did
897 4227 950 4276 not
969 4216 1075 4278 intend
1094 4228 1125 4276 to
1144 4216 1234 4292 reject
1248 4216 1299 4275 the
1314 4216 1401 4293 study
1416 4216 1451 4274 of

299 4313 384 4372 Final
399 4313 512 4374 Causes
527 4312 603 4371 from
618 4311 805 4392 philosophy.
849 4316 901 4373 He
915 4314 1017 4392 spoke,
1031 4317 1046 4374 Ι
1062 4314 1184 4388 believe,
1197 4314 1279 4390 quite
1294 4314 1445 4392 seriously,

624 4511 644 4543 ⁶¹
661 4511 691 4563 E.
703 4513 753 4562 aud
763 4511 797 4574 S,
810 4512 860 4562 vol.
873 4513 890 4564 i.
901 4528 943 4578 pp.
956 4511 1012 4576 568,
1024 4513 1079 4578 569.
