3358 5152
308 410 369 494 298
685 417 842 474 rvovrur
863 418 1079 474 oaonnun.

307 603 400 660 mus3
423 603 498 646 cum
519 584 582 647 hoc
606 582 712 667 ipsum
733 583 775 646 sit
799 603 863 648 non
883 603 959 667 spes
979 592 1120 660 tantum,
1140 583 1199 648 sed
1219 591 1381 666 tanquam
1404 603 1456 648 res

307 689 395 770 ipsa:
429 695 551 766 tamen,
578 697 616 752 ut
646 688 758 751 omnia
785 688 976 752 clementius
1004 688 1095 766 fiant,
1121 689 1325 770 pergendum
1349 689 1455 752 estin

306 792 457 856 instituto
484 802 596 856 nostro
620 792 664 855 de
689 793 922 876 praeparandis
948 793 1120 856 hominum
1148 792 1333 870 mentibus;
1364 791 1456 872 cujus

307 897 568 979 praeparationis
589 897 652 960 ista
672 897 816 961 ostensio
839 897 909 978 spei
934 917 1008 982 pars
1029 906 1079 960 est
1099 916 1165 960 non
1189 897 1321 979 exigua.
1367 896 1456 960 Nam

306 1002 434 1082 absque
449 1021 496 1076 ea,
513 1001 637 1083 reliqua
652 1000 774 1064 faciunt
794 1001 900 1084 magis
920 1001 963 1064 ad
979 1001 1260 1066 contristationem
1283 999 1455 1064 hominum

306 1101 453 1188 (scilicet,
468 1114 504 1168 ut
520 1105 715 1170 deteriorem
732 1115 765 1168 et
779 1105 930 1168 viliorem
946 1105 1091 1169 habeant
1106 1105 1148 1168 de
1166 1105 1214 1178 iis,
1230 1123 1316 1187 quae
1333 1104 1402 1185 jam
1422 1105 1455 1166 in

307 1229 367 1272 usu
390 1218 474 1286 sunt,
493 1209 693 1292 opinionem,
715 1230 814 1292 quarn
835 1228 922 1274 nunc
944 1209 1077 1288 habent,
1100 1217 1133 1272 et
1156 1229 1235 1272 suae
1258 1209 1457 1272 conditionis

307 1313 521 1376 infortunium
538 1313 612 1396 plus
627 1313 771 1378 sentiant
786 1323 820 1378 et
836 1311 1056 1399 pernoscant),
1072 1333 1172 1395 quarn
1188 1313 1231 1377 ad
1250 1311 1455 1376 alacritatem

306 1417 453 1499 aliquam
484 1418 713 1494 inducendam,
738 1429 795 1482 aut
822 1418 1016 1484 industriam
1044 1417 1234 1501 experiendi
1263 1419 1454 1482 acuendam.

306 1521 427 1604 Itaque
456 1522 664 1604 conjecturae
697 1533 839 1598 nostrae,
869 1544 956 1606 quae
987 1543 1082 1606 spem
1114 1523 1146 1585 in
1175 1521 1238 1586 hac
1271 1541 1305 1585 re
1334 1520 1457 1584 iaciunt

307 1625 523 1708 probabilem,
548 1627 745 1710 aperiendae
767 1636 845 1690 sunt
868 1637 902 1690 et
926 1627 1176 1710 proponendae:
1207 1627 1293 1690 sicut
1320 1623 1455 1689 Colum-

307 1731 368 1794 bus
392 1728 511 1808 fecitll,
537 1742 616 1795 ante
642 1731 887 1815 navigationem
913 1731 1003 1794 illam
1030 1751 1124 1794 suam
1149 1730 1333 1793 mirabilem
1358 1728 1456 1792 maris

306 1834 476 1910 Atlantici,
501 1854 577 1899 cum
603 1836 747 1899 rationes
773 1836 961 1911 adduxerit,
986 1855 1045 1901 cur
1069 1836 1140 1917 ipse
1164 1854 1267 1898 novas
1290 1842 1394 1897 terras
1423 1842 1456 1896 et

307 1940 526 2014 continentes,
553 1948 684 2022 praeter
706 1961 762 2004 eas
783 1961 870 2023 quae
889 1949 967 2005 ante
987 1941 1140 2022 cognitae
1163 1938 1304 2012 inerunt,
1320 1936 1456 2000 inveniri

306 2063 405 2125 posse
430 2042 627 2122 confideret3
660 2064 746 2126 quae
768 2045 921 2118 rationes
944 2043 1019 2109 licet
1042 2043 1147 2126 primo
1170 2042 1318 2124 rejectae,
1341 2051 1456 2124 postea

306 2156 419 2210 tamen
457 2147 686 2230 experimento
716 2149 876 2231 probatae
911 2159 996 2229 sqnt,
1026 2158 1060 2212 ct
1093 2167 1201 2211 rerum
1236 2145 1455 2210 maximarum

307 2270 425 2316 causae
448 2261 481 2315 et
503 2251 596 2316 initia
618 2251 760 2317 suerunt.

816 2449 948 2514 XCIII.

351 2613 549 2697 Principium
568 2612 715 2678 autemII
736 2617 932 2678 sumendum
952 2636 972 2678 a
997 2613 1093 2679 Deo:
1116 2612 1181 2678 hoc
1196 2613 1349 2677 nimirum
1365 2611 1455 2695 quod

305 2718 422 2800 agitur,
445 2728 581 2801 propter
603 2717 821 2782 excellentem
845 2720 878 2783 in
900 2719 972 2801 ipso
994 2717 1072 2783 boni
1096 2729 1259 2793 naturam,
1283 2717 1456 2781 manifeste

306 2843 327 2884 a
351 2822 424 2886 Deo
448 2843 528 2900 esse,
543 2823 600 2905 qui
621 2822 742 2887 author
758 2824 844 2898 bonI,
861 2832 894 2887 et
914 2832 1009 2906 pater
1031 2823 1191 2887 lumInum
1209 2833 1269 2886 est.
1316 2821 1355 2883 In
1377 2841 1457 2903 ope·

306 2926 488 2990 rationibus
517 2937 629 2990 autem
660 2927 789 3006 divInis,
816 2928 909 2992 initia
932 2948 1082 3010 quaeque
1109 2927 1300 2991 tenuissima
1327 2924 1456 2988 exitum

305 3042 396 3094 certo
434 3029 578 3096 trahunt.
623 3031 739 3113 Atque
772 3033 862 3114 quod
897 3032 939 3094 de
976 3031 1198 3114 spiritualibus
1231 3031 1358 3094 dictum
1396 3037 1456 3106 est,

305 3134 456 3215 Regnum
478 3133 546 3197 Dei
566 3155 629 3197 non
648 3136 739 3199 runit
754 3156 828 3198 cum
846 3134 1062 3199 observatione
1071 3133 1105 3213 ⁸⁸,
1128 3135 1162 3199 id
1184 3135 1285 3199 etiam
1309 3133 1343 3196 in
1366 3132 1457 3196 omni

307 3237 431 3319 majore
453 3257 553 3321 opere
576 3239 804 3302 Providentiae
826 3239 955 3303 evenire
981 3239 1159 3320 reperitur3
1190 3247 1227 3302 ut
1252 3236 1363 3302 omnia
1387 3236 1456 3298 sine

305 3343 444 3424 strepitu
472 3350 504 3406 et
528 3342 639 3406 sonitu
668 3343 798 3424 placide
822 3342 985 3419 labantur,
1008 3353 1110 3424 atque
1138 3363 1189 3406 res
1216 3340 1313 3424 plane
1339 3350 1457 3423 agatur

305 3598 501 3654 attribuimus:
520 3615 590 3669 quae
603 3616 700 3654 revera
716 3599 756 3654 nil
774 3599 849 3654 aliud
868 3608 919 3668 est,
939 3616 1024 3670 quarn
1044 3599 1183 3654 secundae
1201 3597 1288 3667 partis
1307 3595 1457 3668 applicatio

305 3682 477 3754 particularis
490 3691 517 3737 et
530 3681 682 3752 explicata!

341 3764 362 3795 ‘¹⁰
383 3767 439 3820 For
450 3783 534 3834 many
547 3783 628 3836 years
641 3766 735 3820 belore
750 3767 903 3821 columbus
917 3783 974 3820 was
986 3766 1105 3820 euabled
1119 3775 1147 3820 to
1161 3773 1229 3820 start
1242 3781 1279 3818 on
1292 3763 1336 3818 his
1348 3781 1456 3833 voyage

305 3849 336 3904 ol
345 3849 498 3919 discovery,
512 3849 531 3903 it
545 3850 601 3904 had
614 3850 731 3904 become
743 3867 761 3904 a
775 3849 846 3904 lixed
860 3850 924 3904 idea
937 3849 965 3902 in
983 3850 1026 3903 his
1044 3849 1121 3903 mind
1139 3849 1199 3903 that
1216 3849 1283 3902 land
1299 3864 1357 3902 was
1374 3857 1403 3901 to
1421 3849 1457 3902 be

305 3933 393 3988 found
405 3943 433 3988 to
449 3935 497 3988 the
510 3935 598 3987 West.
635 3934 692 3986 For
710 3935 757 3986 the
775 3949 892 3987 reasons
912 3933 943 3988 oI
956 3933 1012 3987 this
1029 3933 1119 4001 belief,
1137 3932 1298 4002 depending
1315 3931 1406 4000 partly
1419 3947 1456 3985 on

305 4018 416 4086 general
437 4016 635 4086 geographical
657 4016 887 4084 considerations,
910 4017 1000 4086 partly
1020 4033 1056 4071 on
1076 4017 1123 4071 the
1145 4015 1243 4070 stories
1263 4015 1296 4068 os
1311 4015 1456 4080 mariners,

304 4101 394 4169 partly
407 4118 443 4155 on
456 4101 502 4154 the
514 4100 570 4155 fact
582 4100 643 4155 that
660 4100 752 4169 pieces
769 4100 800 4153 or
814 4098 887 4168 pine,
901 4115 979 4167 cane,
991 4099 1048 4153 and
1066 4101 1112 4153 the
1130 4099 1192 4167 like,
1206 4099 1262 4152 had
1280 4098 1352 4152 been
1369 4097 1456 4151 found

306 4184 418 4238 washcd
432 4185 533 4238 asbore
546 4200 582 4237 on
595 4185 643 4237 the
656 4193 734 4237 coast
748 4183 780 4237 ol
796 4182 935 4252 Portugal‚
948 4184 997 4237 the
1010 4185 1122 4250 Azores,
1135 4183 1194 4250 dcc,
1208 4200 1255 4237 see
1267 4179 1456 4250 Washington

308 4266 422 4335 lrving's
438 4267 497 4320 Lite
510 4267 567 4320 and
580 4267 708 4335 Voyages
721 4266 752 4320 ol
763 4267 923 4334 columbus,
937 4266 981 4320 ch.
995 4280 1019 4333 3.

341 4347 361 4378 ⁶⁷
384 4352 460 4404 Here
482 4348 580 4418 begIns
597 4351 645 4404 the
664 4349 855 4404 enumeration
874 4350 905 4403 or
923 4349 969 4403 the
990 4349 1120 4404 Grounds
1139 4350 1170 4403 ol
1188 4350 1279 4418 Hope,
1299 4347 1389 4401 which
1409 4363 1456 4401 are

305 4443 475 4502 twenty-one
488 4432 516 4486 ln
529 4433 574 4488 all.
611 4434 673 4487 The
684 4432 876 4488 enumeration
889 4431 913 4488 is
927 4433 1085 4502 completed
1098 4432 1126 4487 in
1139 4433 1186 4488 the
1202 4432 1282 4500 114th
1295 4430 1456 4502 Aphorism.

339 4515 360 4544 '¹⁸
381 4516 458 4571 Lnke
470 4515 533 4571 xvii.
548 4529 591 4571 20.
