3280 5238
288 315 353 385 520
669 309 825 367 vovum
844 308 1062 366 oaonwuar.

288 475 404 560 quanti
434 494 629 558 corporum;
663 485 722 540 aut
751 475 872 560 vigoris
901 485 936 540 et
962 475 1141 542 debilitatis
1166 477 1346 555 virtutum;
1383 486 1443 541 aut

288 581 455 645 favoribus
480 593 515 646 et
540 581 784 662 impedimentis
809 581 1014 657 mediorum3
1047 602 1132 664 quae
1156 583 1269 646 omnia
1293 584 1327 645 in
1350 603 1442 647 com-

289 684 496 771 putationem
525 685 635 749 venire
666 695 699 748 et
727 685 832 748 notari
858 684 991 749 debent
1048 685 1241 768 Quinetiam
1269 707 1443 749 mensurae

291 799 441 854 motuum
453 788 673 853 violentorum
684 787 782 875 (quos
793 787 937 874 vocant),
950 799 986 853 ut
999 790 1178 868 missilium,
1191 801 1443 868 tormentorum,

291 904 447 970 rotarum,
462 904 497 958 et
514 893 678 972 similium,
693 913 768 957 cum
785 893 848 958 hae
863 914 997 976 quoque
1013 893 1186 958 manifesto
1201 915 1280 958 suos
1297 895 1443 958 habeant

292 997 415 1061 limites
430 1009 546 1076 certos,
561 998 730 1062 notandae
745 1008 832 1063 sunt.

336 1101 553 1166 Inveniuntur
569 1102 670 1166 etiam
686 1102 823 1183 quidam
841 1113 952 1168 motus
967 1113 1000 1168 et
1016 1101 1155 1168 virtutes
1170 1104 1352 1168 contrariae
1369 1101 1443 1179 illis,

292 1226 378 1288 quae
393 1217 571 1290 operantur
585 1226 644 1288 per
658 1215 786 1270 tactum
802 1215 835 1268 et
852 1227 919 1270 non
934 1207 978 1270 ad
993 1207 1140 1282 distans3
1162 1227 1249 1289 quae
1265 1217 1445 1289 operantur

291 1310 414 1376 scilicet
429 1311 471 1373 ad
486 1312 615 1374 distans
629 1322 663 1374 et
679 1331 745 1373 non
757 1312 800 1374 ad
812 1321 939 1375 tactum
952 1335 960 1390 ;
985 1321 1018 1375 et
1035 1332 1153 1384 rursus,
1167 1331 1253 1393 quae
1264 1321 1446 1394 operantur

292 1415 459 1479 remissius
485 1415 529 1478 ad
559 1415 752 1478 distantiam
783 1414 943 1480 minorem
971 1425 1006 1478 et
1035 1416 1151 1479 lortius
1181 1417 1226 1479 ad
1251 1417 1445 1480 distantiam

293 1518 462 1600 majorem.
509 1517 643 1582 Etenim
662 1518 745 1581 visio
766 1537 833 1580 non
854 1519 938 1581 bene
959 1517 1151 1600 transigitur
1168 1519 1211 1581 ad
1233 1528 1369 1596 tactum,
1385 1521 1445 1582 sed

291 1623 417 1704 indiget
441 1622 551 1686 medio
577 1631 611 1684 et
634 1621 792 1686 distantia
805 1619 841 1685 ¹⁹.
887 1621 982 1686 Licet
1006 1622 1210 1686 meminerim
1236 1644 1289 1686 me
1313 1623 1446 1687 audisse

293 1745 338 1789 ex
371 1725 530 1789 relatione
561 1725 733 1807 cujusdam
770 1725 835 1790 fide
869 1726 971 1808 digni,
1001 1726 1092 1808 quod
1128 1726 1199 1809 ipse
1229 1727 1261 1789 in
1292 1727 1446 1790 curandis

292 1829 463 1894 oculorum
495 1849 629 1894 suorum
659 1829 833 1894 cataractis
858 1827 942 1915 (erat
968 1840 1080 1893 autem
1106 1849 1183 1894 cura
1208 1831 1294 1908 talis,
1319 1841 1357 1893 ut
1384 1831 1446 1893 im-

293 1934 478 1997 mitteretur
504 1934 628 1998 festuca
637 1933 665 1970 ²⁰
690 1936 853 2016 quaedam
880 1955 982 2016 parva
1009 1945 1165 2018 argentea
1191 1935 1278 1998 intra
1304 1935 1445 2018 primam

292 2037 378 2102 oculi
409 2037 564 2115 tunicam,
593 2058 679 2120 quae
707 2036 895 2121 pelliculam
926 2037 1015 2102 illam
1046 2049 1231 2103 cataractae
1260 2049 1447 2102 removeret

293 2152 327 2206 et
357 2144 506 2207 truderet
537 2144 569 2206 in
599 2142 757 2226 angulum
785 2141 885 2228 oculi)
911 2143 1089 2208 clarissime
1117 2145 1254 2207 vidisset
1283 2143 1446 2207 festucam

293 2247 383 2311 illam
418 2267 518 2330 supra
552 2248 658 2331 ipsam
692 2246 852 2329 pupillam
889 2258 1086 2311 moventem.
1146 2247 1246 2330 Quod
1280 2258 1448 2330 utcunque

292 2371 406 2414 verum
427 2373 500 2416 esse
522 2351 637 2434 possit,
660 2351 871 2416 manifestum
894 2360 945 2416 est
968 2351 1093 2435 majora
1115 2372 1251 2434 corpora
1274 2372 1341 2415 non
1364 2353 1448 2416 bene

293 2465 352 2520 aut
382 2455 536 2520 distincte
566 2456 655 2519 cerni
685 2456 746 2519 nisi
777 2455 810 2518 in
840 2457 978 2538 cuspide
1007 2457 1091 2534 coni,
1121 2456 1318 2520 co'e'untibus
1348 2457 1449 2520 radiis

293 2557 416 2639 objecti
439 2561 481 2623 ad
509 2558 703 2623 nonnullam
729 2560 919 2623 distantiam
932 2559 969 2622 ²¹.
1015 2559 1105 2642 Quin
1131 2562 1231 2624 etiam
1256 2560 1290 2624 in
1312 2562 1449 2624 senibus

293 2664 408 2728 oculus
439 2663 555 2727 melius
586 2665 688 2728 cernit
719 2675 848 2728 remoto
878 2665 1010 2746 objecto
1043 2663 1144 2748 paulo
1174 2664 1314 2746 longius,
1345 2685 1448 2748 quam

293 2769 429 2851 propius
439 2766 474 2833 ²².
522 2769 560 2831 ln
578 2767 755 2831 missilibus
770 2779 881 2833 autem
903 2780 1029 2832 certum
1048 2779 1098 2833 est
1115 2769 1361 2852 percussionem
1381 2789 1449 2832 non

329 2981 351 3012 ¹⁹
370 2985 421 3052 Cp.
445 2985 532 3051 Sylva
550 2985 707 3053 sylvarum,
727 2985 798 3054 Exp.
819 2996 879 3050 272,
900 2984 991 3038 where
1015 2983 1064 3037 the
1088 2999 1167 3036 same
1193 2991 1269 3050 story
1290 2981 1376 3036 about
1399 2984 1449 3038 the

295 3066 439 3134 operation
463 3067 506 3121 sor
530 3077 654 3121 cataract
678 3065 701 3121 is
723 3067 790 3122 told.
836 3068 929 3121 There
948 3066 980 3136 is,
1001 3068 1012 3119 l
1036 3084 1083 3121 am
1102 3065 1247 3133 informed,
1266 3081 1303 3119 no
1322 3065 1450 3121 intrinsic

296 3147 502 3218 improbability
514 3150 541 3204 in
557 3151 587 3204 it.

332 3233 379 3285 On
398 3233 445 3287 the
466 3249 561 3302 power
578 3232 609 3286 ol
627 3233 870 3288 accommodatiori
892 3235 930 3303 by
949 3233 1040 3288 which
1058 3233 1107 3288 the
1125 3249 1177 3301 eye
1202 3232 1305 3302 adapts
1327 3232 1403 3287 itself
1420 3243 1449 3288 to

297 3313 449 3369 variations
468 3315 496 3369 in
515 3316 562 3370 the
581 3316 724 3371 distances
743 3317 774 3371 oi
789 3317 905 3387 objects,
925 3318 973 3371 the
998 3316 1120 3384 student,
1139 3316 1202 3370 who
1221 3315 1245 3370 is
1264 3325 1313 3370 not
1333 3317 1449 3385 already

298 3397 466 3466 acquainted
479 3398 545 3452 with
558 3399 605 3454 the
619 3409 755 3454 structure
768 3399 800 3454 of
809 3402 857 3455 the
869 3417 920 3470 eye
933 3401 990 3455 and
1002 3400 1051 3455 the
1066 3400 1246 3470 phenomena
1258 3400 1290 3453 oi
1299 3400 1347 3453 the
1366 3417 1449 3454 sense

296 3481 328 3534 oi
337 3480 435 3546 vision,
444 3499 509 3549 may
517 3483 625 3537 consult
638 3480 1449 3552 Ganot’sPhysics,12thEd.,§§601-603,orCa1penters

297 3566 413 3618 Human
427 3566 605 3634 Physiology,
615 3566 663 3634 9th
676 3567 739 3634 Ed,
752 3563 783 3637 ἕξ
795 3569 889 3636 567-9.
919 3569 945 3621 lt
956 3567 1098 3635 generally
1111 3564 1234 3636 requires
1247 3583 1265 3633 a
1277 3577 1355 3635 great
1368 3567 1450 3622 effert

296 3659 326 3702 to
344 3665 391 3702 see
403 3665 470 3717 very
482 3665 550 3703 near
568 3649 684 3718 objects,
696 3650 752 3704 and
770 3661 798 3704 at
810 3669 828 3704 a
841 3649 945 3704 certain
963 3650 1089 3704 distance
1105 3649 1176 3703 irom
1195 3651 1243 3704 the
1257 3667 1317 3719 eye,
1330 3651 1451 3720 varying

296 3731 362 3786 with
376 3731 504 3787 different
516 3750 633 3803 persons
645 3733 702 3786 and
710 3733 775 3787 with
784 3734 832 3788 the
843 3733 896 3788 size
904 3734 961 3788 and
973 3733 1108 3788 colouroi
1117 3734 1164 3788 the
1174 3732 1290 3803 objects,
1300 3733 1348 3788 the
1356 3732 1450 3804 image

296 3833 333 3869 on
347 3816 394 3870 the
408 3816 497 3871 retina
510 3817 642 3871 beconms
654 3816 775 3872 blurred.

331 3897 353 3928 ²⁰
371 3900 397 3953 A
410 3901 518 3954 needle.

332 3980 353 4012 ²¹
373 3984 418 4037 Sc.
431 3984 503 4038 from
516 3984 563 4038 the
577 3981 668 4053 object
682 3982 763 4051 itself,
777 3993 826 4038 not
839 3983 909 4038 lrom
922 3983 969 4038 the
982 3983 1071 4040 retina
1083 3983 1115 4039 of
1124 3985 1172 4039 the
1184 4001 1244 4053 eye,
1253 3983 1345 4040 which
1356 3986 1451 4040 would

297 4067 332 4121 be
345 4067 456 4121 absurd.

336 4147 357 4179 ²²
376 4150 446 4204 This
459 4160 607 4205 statement
621 4150 644 4205 is
657 4161 726 4220 true,
740 4167 772 4205 as
785 4167 802 4205 a
814 4151 926 4220 general
939 4152 1007 4206 rule.
1045 4152 1114 4206 ‘We
1127 4153 1285 4220 commonly
1295 4160 1370 4206 meet
1383 4152 1451 4207 with

296 4233 409 4302 myopia
428 4233 720 4303 (short-sightedness)
735 4235 763 4288 in
776 4252 870 4303 young
888 4252 1014 4304 persons,
1026 4235 1084 4290 and
1096 4235 1161 4290 with
1178 4235 1346 4306 preshyopia
1359 4237 1452 4306 (long-

299 4315 487 4385 sightedness)
501 4317 529 4371 in
542 4319 606 4372 old:
626 4319 676 4372 but
688 4317 742 4372 this
757 4317 779 4372 is
792 4319 830 4386 by
843 4335 881 4372 no
893 4335 991 4374 means
1004 4319 1051 4373 the
1064 4319 1216 4374 invariahle
1228 4320 1304 4388 rule;
1323 4319 1366 4373 ior
1378 4337 1452 4375 even

297 4400 369 4468 aged
386 4416 502 4470 persons
519 4418 567 4456 are
585 4401 745 4456 sometimes
764 4401 782 4430 “
792 4402 1020 4472 short-sighted,''
1034 4403 1092 4458 and
1108 4405 1125 4432 “
1133 4402 1390 4472 long-sightedness
1398 4404 1413 4432 '³
1429 4404 1454 4458 is
