3280 5238
650 392 731 449 ΜΒ.
755 393 799 452 II.
821 385 875 464 4⁶·
1277 405 1338 471 527

189 573 224 627 et
240 560 361 626 stellati
381 559 481 625 facies
495 561 539 624 ad
555 559 642 625 idem
658 568 791 643 tempus
811 568 964 624 cernatur
977 560 1112 643 quando
1126 581 1203 626 vere
1216 561 1341 638 existit,

188 687 231 730 an
262 667 373 752 potius
403 665 571 748 aliquanto
601 675 697 746 post;
731 672 765 728 et
791 673 900 728 utrum
931 684 997 728 non
1024 665 1066 728 sit
1092 659 1267 747 (quatenus
1296 667 1339 729 ad

187 772 294 836 visum
316 767 521 856 coelestium)
536 789 602 833 non
625 770 731 832 minus
750 777 882 851 tempus
896 788 1010 832 verum
1026 778 1060 833 et
1076 778 1207 852 tempus
1222 769 1339 846 visum,

188 895 289 958 quam
306 872 399 940 locus
413 893 510 940 verus
529 883 563 938 et
578 873 670 937 locus
685 873 781 950 visus,
797 874 853 955 qui
873 884 1007 938 notatur
1027 873 1070 938 ab
1089 873 1286 938 astronomis
1307 874 1340 937 in

188 977 459 1063 parallaxibus³⁶.
513 976 613 1042 Adeo
650 977 841 1042 incredibile
876 978 971 1042 nobis
1000 978 1183 1056 videbatur,
1213 979 1340 1062 species

187 1084 256 1148 sive
286 1085 396 1148 radios
422 1103 597 1167 corporum
633 1081 826 1146 coelestium
856 1102 915 1163 per
943 1091 1012 1146 tam
1043 1082 1204 1147 immensa
1232 1082 1339 1166 spatia

188 1188 374 1252 milliarium
397 1188 507 1251 subito
530 1185 646 1251 deferri
670 1205 767 1269 posse
789 1186 832 1250 ad
852 1185 980 1260 visum;
1003 1187 1061 1250 sed
1085 1185 1197 1268 potius
1216 1187 1339 1251 debere

187 1313 244 1357 eas
267 1293 300 1355 in
320 1303 470 1375 tempore
489 1291 603 1374 aliquo
624 1289 761 1355 notabili
785 1289 904 1354 delabi.
948 1290 1074 1354 Verum
1095 1290 1150 1353 illa
1173 1290 1338 1356 dubitatio

186 1393 313 1482 (quoad
350 1395 456 1477 majus
491 1392 625 1479 aliquod
662 1394 869 1458 intervallum
901 1393 1061 1477 temporis
1093 1393 1177 1458 inter
1206 1403 1339 1478 tempus

186 1521 301 1565 verum
325 1508 359 1564 et
381 1495 502 1584 visum)
520 1508 638 1581 postea
660 1498 758 1580 plane
780 1495 967 1562 evanuit³⁰z
991 1499 1221 1581 reputantibus
1243 1499 1338 1563 nobis

183 1599 348 1683 jacturam
375 1599 466 1664 illam
494 1599 655 1662 infinitam
683 1608 717 1662 et
744 1598 998 1662 diminutionem
1025 1597 1150 1680 quanti,
1175 1607 1338 1679 quatenus

187 1707 230 1769 ad
248 1705 486 1788 apparentiam,
503 1704 588 1768 inter
603 1722 724 1786 corpus
748 1700 863 1766 stellae
878 1722 991 1765 verum
1011 1710 1045 1764 et
1064 1703 1206 1785 speciem
1223 1703 1338 1780 visam,

187 1829 272 1893 quae
287 1819 441 1872 causatur
454 1829 475 1872 a
490 1807 666 1882 distantia3
686 1816 788 1888 atque
803 1803 900 1869 simul
917 1805 1107 1870 notantibus
1123 1806 1166 1869 ad
1178 1817 1337 1889 quantam

187 1914 381 1977 distantiam
419 1909 607 1997 (sexaginta
644 1910 765 1975 scilicet
804 1911 848 1974 ad
886 1909 1058 1974 minimum
1098 1907 1338 1994 milliariorum)

187 2037 335 2100 corpora,
359 2035 464 2098 eaque
489 2024 619 2080 tantum
645 2014 832 2090 albicantia,
854 2013 965 2078 subito
990 2012 1044 2077 hic
1068 2016 1156 2096 apud
1184 2034 1243 2077 nos
1269 2033 1337 2078 cer-

187 2130 328 2198 nantur;
353 2140 428 2185 curn
451 2120 589 2183 dubium
615 2139 683 2183 non
705 2119 747 2182 sit
770 2117 875 2182 lucem
898 2117 1100 2193 coelestium,
1119 2138 1185 2180 non
1207 2126 1336 2182 tantum

187 2224 346 2288 albedinis
360 2225 507 2288 vividum
527 2223 681 2302 colorem,
695 2242 809 2287 verum
825 2222 924 2286 etiam
941 2221 1047 2285 omnis
1069 2221 1223 2285 flammae
1239 2217 1338 2304 (quae

186 2330 275 2412 apud
299 2349 358 2392 nos
381 2338 460 2392 nota
482 2325 546 2414 est)
567 2328 684 2405 lucem,
704 2325 813 2410 quoad
833 2327 979 2408 vigorem
1004 2325 1204 2402 radiationis
1225 2325 1337 2390 multis

184 2432 333 2514 partibus
363 2434 533 2496 excedere.
588 2431 701 2495 Etiam
737 2431 896 2494 immensa
928 2427 985 2492 illa
1013 2427 1169 2494 velocitas
1198 2429 1230 2492 in
1262 2430 1335 2513 ipso

187 2555 333 2618 corpore,
344 2557 430 2618 quae
446 2536 587 2602 cernitur
601 2536 634 2598 in
650 2543 744 2598 motu
760 2534 878 2598 diurno
893 2529 992 2618 (quae
1008 2533 1107 2596 etiam
1119 2533 1207 2597 viros
1221 2553 1337 2616 graves

186 2639 233 2703 ita
263 2639 482 2723 obstupefecit
512 2648 549 2704 ut
579 2638 714 2702 mallent
742 2639 876 2702 credere
911 2646 1038 2700 motum
1070 2634 1235 2722 terraeffl),
1260 2638 1337 2704 facit

187 2755 316 2807 motum
339 2743 430 2807 illum
454 2741 679 2826 ejaculationis
700 2742 868 2806 radiorum
888 2742 931 2804 ab
952 2741 1031 2824 ipsis
1049 2739 1138 2826 (licet
1161 2740 1336 2815 celeritate,

186 2857 224 2911 ut
256 2848 411 2923 diximus,
447 2845 646 2932 mirabilem)
682 2847 788 2930 magis
823 2845 1021 2910 credibilem.
1079 2846 1230 2910 Maxime
1258 2866 1336 2911 vero

185 2951 332 3016 omnium
344 2973 404 3016 nos
416 2952 529 3027 movit,
540 2952 630 3034 quod
643 2951 670 3014 si
683 2951 945 3034 interponeretur
957 2947 1166 3013 intervallum
1178 2951 1336 3033 temporis

185 3055 321 3138 aliquod
349 3055 495 3120 notabile
521 3056 606 3120 inter
630 3054 804 3119 veritatem
834 3063 868 3118 et
894 3054 1010 3126 visum,
1037 3053 1121 3116 soret
1146 3061 1183 3116 ut
1212 3055 1336 3137 species

184 3179 244 3242 per
274 3160 378 3224 nubes
408 3159 538 3223 interim
568 3159 709 3224 orientes
734 3168 767 3222 et
797 3155 919 3222 similes
946 3157 1045 3221 medii
1072 3158 1336 3240 perturbationes

184 3478 259 3524 must
272 3469 337 3523 take
349 3474 381 3522 at
392 3469 463 3523 least
474 3467 509 3540 3}
521 3485 602 3537 years
615 3478 645 3524 to
658 3469 742 3524 reach
755 3485 796 3536 us,
807 3467 887 3522 while
897 3467 945 3522 the
954 3465 1025 3538 light
1035 3467 1068 3522 oi
1076 3484 1153 3522 some
1164 3467 1196 3523 oi
1205 3469 1252 3524 the
1263 3479 1335 3524 stars

185 3553 214 3609 in
227 3553 275 3607 the
286 3554 385 3621 galaxy
396 3561 472 3606 must
484 3552 557 3607 have
569 3551 706 3622 occupied
719 3567 796 3606 more
808 3552 878 3605 than
890 3565 961 3605 2000
972 3568 1054 3620 years
1067 3551 1094 3606 in
1108 3551 1254 3622 travelling
1269 3569 1336 3608 over
1431 3545 1434 3552 '

184 3637 232 3691 the
245 3636 371 3691 distance
384 3635 473 3690 which
487 3646 629 3705 separatas
642 3635 720 3689 thern
731 3634 804 3688 from
821 3651 871 3688 our
889 3651 951 3688 own
970 3645 1083 3704 system.
1121 3637 1184 3702 See,
1196 3637 1239 3690 ior
1257 3652 1335 3692 more

183 3719 306 3775 detailed
320 3718 507 3782 information,
522 3719 683 3774 Herschel's
695 3718 874 3786 Astronomy,
890 3718 954 3772 roth
967 3717 1031 3784 Ed,
1046 3715 1077 3787 ἐξ
1096 3719 1192 3788 801-3.

218 3799 241 3834 ³⁸
261 3803 307 3859 On
326 3803 449 3872 parallax
467 3803 523 3857 and
542 3802 590 3857 the
608 3800 779 3856 corrections
797 3799 840 3855 ior
858 3799 888 3868 it,
907 3817 955 3855 see
975 3801 1137 3856 Herschel’s
1150 3804 1332 3872 Astronomy,

187 3886 327 3952 1othEd·‚
343 3883 374 3956 §i
389 3887 502 3955 satis·

219 3967 242 4000 ⁸⁸
259 3971 313 4023 We
325 3969 425 4038 hardly
437 3970 520 4023 know
533 3968 623 4023 which
636 3977 666 4022 to
678 3967 785 4021 admire
804 3976 886 4033 most,
898 3967 947 4023 the
965 3965 1070 4037 felicity
1082 3968 1113 4021 oi
1129 3967 1248 4042 Bacon’s
1266 3985 1334 4022 con·

180 4051 288 4124 jecture
300 4069 332 4108 or
344 4052 392 4107 the
404 4053 549 4122 perverted
563 4049 705 4121 ingenuity
718 4051 749 4105 oi
759 4051 806 4105 the
818 4061 978 4120 arguments
991 4051 1029 4120 by
1041 4050 1131 4104 which
1151 4051 1187 4104 he
1203 4060 1334 4122 attempts

184 4146 213 4191 to
224 4136 335 4206 explain
348 4135 368 4190 it
381 4153 468 4205 away.
504 4135 566 4190 The
580 4135 638 4189 first
648 4145 795 4204 argument
805 4134 895 4188 sheus
905 4134 978 4188 what
988 4152 1006 4189 a
1016 4134 1158 4204 strangely
1167 4133 1334 4205 inadequate

182 4219 280 4274 notion
293 4219 329 4273 he
342 4219 398 4273 had
411 4220 441 4273 oi
451 4219 499 4274 the
512 4219 639 4273 distance
651 4217 684 4273 oi
692 4218 741 4272 the
755 4217 826 4272 fixed
839 4227 913 4272 stars
925 4217 997 4271 from
1010 4235 1051 4273 us

217 4299 240 4332 n
259 4301 329 4356 This
343 4319 471 4373 passage,
483 4319 554 4358 even
572 4302 596 4356 ii
611 4302 632 4356 it
650 4301 732 4356 stood
750 4302 840 4368 alone,
853 4300 944 4355 would
963 4301 1040 4356 shew
1052 4309 1144 4371 pretty
1157 4299 1262 4370 plainly
1274 4301 1333 4357 that

183 4386 280 4440 Bacon
294 4385 343 4440 did
356 4395 404 4441 not
417 4385 524 4441 believe
537 4386 564 4440 in
576 4385 624 4440 the
634 4385 744 4440 diurnal
754 4385 860 4440 motion
870 4384 901 4440 oi
909 4385 957 4440 the
966 4384 1053 4441 earth.
1091 4386 1143 4456 Cp.
1153 4384 1228 4456 Aph.
1238 4384 1273 4454 36
1284 4384 1333 4455 (a),

182 4468 240 4524 and
253 4478 318 4526 note
331 4483 382 4540 923
402 4469 462 4525 also
476 4468 678 4540 Introduction,
690 4485 736 4540 pp.
749 4481 828 4539 34-7.
