3342 5152
695 413 773 467 LIB.
798 413 839 467 II.
866 424 914 468 11.

250 599 280 664 3.
305 579 456 645 Meteora
472 579 584 664 ignita.

248 704 279 760 4.
304 684 458 748 Fulmina
474 685 710 748 comburentia.
765 741 768 748 .

250 801 280 868 5.
306 789 537 853 Eructationes
553 788 759 853 flammarum
776 808 819 851 ex
836 787 924 851 cavis
941 788 1113 862 montium,
1130 799 1190 852 etc.

249 891 278 953 6.
303 891 455 972 Flamma
470 894 586 955 omnis.

250 1009 279 1076 7.
304 997 413 1081 ignita
428 996 542 1062 solida.

251 1101 280 1162 8.
305 1099 428 1164 Balnea
444 1099 550 1165 calida
565 1100 736 1165 naturalia.

249 1223 277 1286 9.
302 1203 444 1288 Liquida
459 1205 626 1282 ferventia,
641 1215 699 1270 aut
714 1205 880 1270 calefacta.

230 1327 277 1374 10.
300 1309 449 1393 Vapores
470 1319 504 1375 et
521 1310 602 1373 lumi
618 1310 789 1388 ferventes,
804 1320 904 1392 atque
920 1317 976 1374 adr
992 1309 1072 1392 ipse,
1090 1310 1146 1392 qui
1163 1309 1377 1374 fortissimum

356 1424 391 1478 et
417 1414 578 1478 furentem
608 1415 743 1498 suscipit
774 1415 926 1490 calorem,
952 1415 978 1476 si
1006 1415 1243 1490 concludatur;
1279 1425 1315 1478 ut
1346 1416 1378 1480 in

356 1518 664 1584 reverberatoriis⁶³.

230 1639 279 1682 11.
303 1620 535 1704 Tempestates
561 1622 692 1705 aliquae
722 1618 860 1686 sudae⁶⁴
891 1643 950 1705 per
976 1622 1083 1705 ipsam
1109 1622 1377 1686 constitutionem

357 1727 448 1804 aeris,
465 1746 529 1790 non
546 1725 659 1790 habita
674 1727 801 1792 ratione
816 1727 976 1809 temporis
991 1727 1075 1790 anni.

230 1845 279 1891 12.
303 1828 374 1892 Aer
396 1829 569 1893 conclusus
584 1840 618 1894 et
634 1831 864 1896 subterraneus
880 1833 912 1894 in
930 1833 1077 1894 cavernis
1097 1829 1269 1909 nonnullis,
1285 1850 1377 1913 prae·

357 1934 468 1997 sertim
484 1933 614 2015 hyeme.

231 2050 280 2118 13.
304 2031 426 2098 Omnia
446 2033 572 2112 villosa,
594 2043 630 2098 ut
653 2034 737 2112 lana,
759 2034 863 2117 pelles
882 2033 1082 2112 animalium,
1107 2045 1140 2099 et
1163 2033 1379 2118 plumagineS,

356 2136 479 2201 habent
498 2138 647 2202 nonnihil
662 2140 794 2223 teporis.

231 2257 279 2316 14.
306 2238 456 2325 Corpora
478 2243 599 2320 omnia,
619 2253 690 2306 tam
713 2243 829 2316 solida,
850 2263 950 2326 quam
969 2243 1104 2326 liquida,
1123 2253 1156 2306 et
1176 2251 1244 2306 tam
1266 2241 1377 2314 densa,

357 2365 457 2428 quam
488 2348 600 2410 tenuia
630 2345 750 2432 (qualis
780 2357 831 2411 est
861 2347 931 2432 ipse
961 2345 1039 2432 aer),
1071 2348 1136 2430 igni
1170 2349 1212 2410 ad
1247 2357 1378 2428 tempus

356 2451 597 2531 approximata.

231 2565 279 2632 15.
304 2551 473 2618 Scintillae
487 2575 531 2617 ex
547 2553 638 2618 silice
652 2565 687 2620 et
703 2553 845 2637 chalybe
860 2555 1053 2638 perfortem
1069 2554 1322 2638 percussionem.

230 2657 278 2720 16.
302 2657 412 2722 Omne
435 2679 554 2743 corpus
573 2659 703 2724 fortiter
724 2660 885 2738 attritum,
908 2669 946 2723 ut
967 2660 1061 2742 lapis,
1084 2659 1219 2744 lignum,
1241 2678 1377 2740 pannus,

357 2772 438 2841 etc.;
461 2766 546 2828 adeo
565 2773 601 2828 ut
619 2775 768 2828 temones
783 2775 816 2828 et
832 2786 914 2828 axes
928 2774 1074 2829 rotarum
1090 2764 1269 2847 aliquando
1284 2761 1377 2826 flam·

358 2889 446 2932 mam
470 2869 674 2951 concipiant:
703 2879 736 2934 et
764 2891 838 2933 mos
863 2871 1033 2934 excitandi
1057 2869 1141 2954 ignis
1163 2870 1251 2953 apud
1277 2868 1378 2932 lndos

356 2973 576 3036 occidentales
591 2972 688 3037 suerit
704 2993 763 3057 per
776 2975 990 3039 attritionem.

231 3089 277 3156 17.
303 3076 438 3154 Herbae
452 3078 573 3141 virides
596 3087 630 3141 et
650 3077 807 3142 humidae
830 3079 927 3143 simul
949 3077 1124 3142 conclusae
1142 3086 1176 3141 et
1192 3086 1377 3150 contrusae,

356 3191 393 3245 ut
409 3202 503 3246 rosae
518 3182 610 3265 pisae
621 3181 648 3220 ⁶⁵
664 3185 697 3247 in
718 3184 871 3247 corbibus
885 3203 892 3260 ;
916 3183 1002 3246 adeo
1022 3193 1059 3246 ut
1079 3181 1223 3257 foenum,
1238 3182 1265 3245 si
1283 3201 1376 3263 repo·

356 3287 455 3348 situm
472 3284 569 3350 luerit
585 3287 766 3364 madidum,
782 3307 883 3370 saepe
898 3287 1061 3370 concipiat
1077 3285 1257 3349 flammam.

230 3387 278 3450 18.
304 3387 391 3452 Calx
406 3391 489 3466 viva,
505 3411 592 3474 aqua
607 3411 751 3474 aspersa.

226 3619 342 3680 sequent
359 3610 530 3680 application
547 3619 576 3666 to
593 3612 715 3667 themoi
728 3612 776 3667 the
791 3612 910 3666 Method
924 3611 957 3666 of
965 3611 1126 3682 Rejections
1142 3629 1175 3666 as
1195 3609 1377 3679 constituting

225 3693 291 3762 only
302 3711 356 3748 one
368 3711 490 3764 process.

261 3775 282 3807 Μ
300 3777 562 3833 ‘Reverberatories
581 3795 629 3834 are
647 3779 775 3834 lumaces
794 3781 971 3835 constructed
991 3780 1057 3835 with
1076 3789 1131 3834 two
1149 3778 1314 3845 chambers;
1341 3795 1377 3832 an

226 3869 306 3915 outer
323 3878 385 3928 one,
398 3861 488 3916 which
508 3863 560 3917 has
578 3879 616 3918 no
634 3862 773 3933 chimney,
788 3865 839 3918 but
858 3864 910 3919 has
925 3882 944 3917 a
960 3880 1080 3934 passage
1097 3861 1265 3931 connecting
1278 3861 1298 3916 it
1311 3862 1376 3914 with

225 3961 262 3998 an
276 3945 355 3999 inner
366 3961 421 3999 one
434 3943 523 4000 which
537 3945 589 4000 has
603 3964 620 4000 a
632 3945 770 4017 chimney.
808 3950 870 4002 The
889 3949 1039 4002 substance
1056 3957 1085 4000 to
1104 3947 1138 4000 be
1152 3945 1274 4016 exposed
1287 3955 1316 3999 to
1329 3946 1377 3998 the

225 4027 291 4082 heat
310 4027 333 4081 is
352 4028 452 4098 placed
470 4046 507 4083 on
526 4030 574 4084 the
594 4031 663 4084 floor
680 4031 711 4085 ol
727 4031 774 4086 the
792 4030 871 4085 inner
888 4031 1030 4096 chamber,
1043 4029 1100 4083 and
1117 4029 1166 4083 lire
1183 4029 1207 4082 is
1223 4027 1330 4096 lighted
1349 4028 1377 4081 in

225 4111 273 4165 the
292 4111 389 4166 other:
417 4129 448 4166 so
468 4112 529 4168 that
551 4114 599 4168 the
621 4113 712 4182 flame,
731 4114 836 4184 having
859 4131 896 4168 no
918 4117 1004 4170 outlet
1024 4113 1052 4167 in
1072 4114 1119 4167 the
1137 4123 1217 4167 outer
1235 4112 1376 4178 chamber,

224 4211 322 4264 passes
341 4194 400 4249 into
418 4195 467 4250 the
486 4195 572 4262 inner,
586 4213 654 4250 over
672 4199 721 4252 the
740 4199 898 4264 substance,
918 4199 975 4252 and
994 4197 1018 4252 is
1037 4215 1069 4251 so
1089 4195 1289 4250 concentrated
1310 4195 1376 4247 with

224 4287 286 4332 vast
300 4295 395 4348 power
407 4296 482 4349 upon
495 4280 534 4334 it!
572 4282 622 4335 Dr.
632 4281 771 4336 Kitchin's
784 4291 857 4336 note.

259 4357 280 4390 ⁶¹
300 4361 434 4416 Se·udae.
471 4364 625 4430 Cloudless,
639 4366 721 4419 clear.

260 4441 282 4474 ‘⁶
302 4446 355 4498 Mr.
367 4445 437 4499 Ellis
456 4447 538 4501 reads
551 4450 663 4517 prusae,
677 4449 726 4503 but
745 4450 792 4504 the
809 4459 864 4503 two
877 4448 968 4503 words
986 4450 1056 4504 have
1076 4446 1123 4502 the
1141 4463 1219 4502 same
1236 4445 1376 4515 meaning,

225 4529 344 4598 namely,
359 4529 513 4585 ‘crushed’
527 4548 560 4585 or
572 4533 579 4560 ‘
590 4533 738 4602 pounded.'
