3358 5152
323 432 386 498 302
704 422 860 479 novun
879 422 1099 480 ornamur.

366 585 466 669 Quod
488 585 515 649 si
536 585 609 670 quis
631 595 741 650 aetate
762 597 899 662 matura,
921 597 955 651 et
973 588 1123 652 sensibus
1147 588 1291 672 integris,
1308 599 1341 653 et
1362 600 1472 655 mente

321 701 507 772 repurgata,
530 711 565 754 se
587 692 630 754 ad
657 691 897 773 experientiam
921 703 955 756 et
978 693 1022 756 ad
1048 692 1257 776 particularia
1279 695 1322 757 de
1345 695 1473 778 integro

320 795 473 878 applicet,
495 797 538 859 de
561 815 600 858 eo
623 794 740 859 melius
762 797 961 878 sperandum
984 806 1044 862 est·
1099 795 1214 880 Atque
1237 797 1299 864 hac
1322 798 1354 861 in
1378 809 1471 882 parte

322 899 420 964 nobis
442 900 645 982 spondemus
660 898 825 964 fortunam
841 899 1028 965 Alexandri
1045 901 1176 984 Magni:
1199 922 1307 984 neque
1322 903 1397 984 quis
1412 924 1471 967 nos

320 1004 475 1068 vanitatis
494 1015 621 1087 arguat,
637 1012 815 1086 antequam
837 1006 965 1070 exitum
984 1005 1031 1069 rei
1051 1005 1174 1084 audiat,
1189 1026 1275 1089 quae
1289 1007 1332 1070 ad
1348 1027 1472 1071 exuen-

321 1109 398 1172 dam
415 1129 546 1172 omnem
562 1109 743 1172 vanitatem
759 1119 896 1192 spectat.

366 1213 499 1276 Etenim
523 1214 565 1276 de
587 1210 783 1276 Alexandro
806 1223 839 1278 et
862 1212 933 1295 ejus
963 1215 1063 1278 rebus
1091 1214 1194 1299 gestis
1217 1215 1399 1280 Aeschines
1425 1217 1471 1280 ita

320 1317 477 1398 loquutus
494 1325 563 1380 est:
586 1315 659 1380 Nos
672 1325 755 1380 certe
773 1317 877 1381 vitam
898 1318 1065 1382 mortalem
1088 1341 1151 1383 non
1173 1321 1343 1393 viue'mus,·
1365 1320 1423 1384 sed
1436 1321 1470 1384 in

319 1421 377 1485 hoc
391 1421 465 1485 nati
479 1442 601 1498 sumus,
616 1429 655 1483 ut
666 1423 843 1502 posteritas
856 1421 895 1486 de
910 1423 1000 1487 nobis
1013 1433 1170 1505 portenta
1188 1433 1303 1487 narret
1324 1434 1357 1487 et
1371 1434 1470 1506 prae·

318 1525 460 1590 doetus
483 1524 619 1608 perinde
640 1546 679 1588 ac
699 1526 727 1588 si
743 1525 930 1590 Alexandri
946 1547 997 1590 res
1017 1538 1129 1611 gestas
1148 1548 1210 1612 pro
1233 1525 1391 1592 miraculo
1413 1529 1470 1592 ha·

319 1632 454 1696 buisset.

362 1734 412 1798 At
435 1733 524 1799 aevis
547 1733 761 1816 sequentibus
781 1735 879 1800 Titus
901 1735 1017 1799 Livius
1039 1735 1155 1800 melius
1178 1757 1247 1800 rem
1270 1736 1414 1801 advertit
1436 1748 1469 1800 et

320 1837 526 1921 introspexit,
541 1849 642 1920 atque
656 1840 698 1902 de
713 1838 911 1903 Alexandro
927 1839 1119 1921 hujusmodi
1134 1841 1305 1924 quippiam
1324 1841 1413 1907 dixit
1422 1839 1468 1904 ⁷⁸:

317 1943 410 2006 Eum
435 1965 497 2007 non
519 1942 614 2006 aliud
632 1964 730 2024 quam
753 1943 828 2007 bene
849 1965 966 2008 ausum
993 1965 1080 2009 vana
1105 1955 1309 2008 contemnere.
1354 1945 1470 2028 Atque

318 2047 426 2110 simile
446 2047 545 2110 etiam
568 2047 611 2110 de
628 2047 724 2109 nobis
743 2047 903 2130 judicium
925 2047 1043 2113 futuris
1062 2050 1268 2132 temporibus
1289 2049 1411 2114 Iactum
1431 2049 1469 2112 iri

318 2152 566 2216 existimamus:
589 2150 661 2214 Nos
675 2151 728 2214 nil
739 2154 856 2234 magni
867 2153 1012 2235 secisse,·
1034 2152 1093 2216 sed
1106 2162 1234 2216 tantum
1249 2175 1296 2226 ea,
1311 2173 1392 2235 quae
1405 2163 1470 2236 pro

317 2257 448 2338 magnis
476 2254 642 2332 habentur,
664 2256 802 2319 minoris
823 2257 951 2339 secuse.
1008 2255 1077 2321 Sed
1108 2257 1238 2321 interim
1266 2255 1372 2342 (quod
1399 2257 1468 2340 jam

317 2355 479 2442 diximus)
506 2378 570 2421 non
593 2367 643 2421 est
667 2379 743 2442 spes
770 2360 831 2425 nisi
855 2361 886 2424 in
909 2361 1149 2442 regeneratione
1173 2361 1401 2436 scientiarum3
1432 2370 1468 2424 ut

318 2485 377 2528 eae
399 2462 524 2528 scilicet
546 2464 588 2526 ab
611 2464 816 2547 experientia
838 2474 929 2529 certo
957 2464 1072 2529 ordine
1094 2464 1281 2529 excitentur
1303 2475 1335 2528 et
1359 2483 1469 2528 rursus

316 2569 518 2632 condantur:
540 2567 630 2650 quod
653 2567 762 2632 adhuc
784 2569 909 2633 factum
928 2589 999 2633 esse
1016 2577 1073 2633 aut
1097 2568 1279 2654 cogitatum
1304 2589 1402 2634 nemo
1418 2565 1468 2654 (ut

317 2667 526 2757 arbitramur)
541 2670 762 2736 affirmaverit.

811 2808 975 2875 XCVIII.

358 2939 474 3023 Atque
489 2939 712 3023 experientiae
727 2940 942 3006 fundamenta
950 2941 976 2981 ⁷⁹
993 2937 1141 3026 (quando
1162 2943 1203 3006 ad
1225 2940 1309 3004 hanc
1330 2939 1465 3005 omnino

350 3127 374 3160 ⁷⁷
392 3129 547 3185 Aeschines
562 3129 591 3183 in
605 3130 824 3200 Ctesiphontem,
838 3149 865 3202 p.
878 3145 921 3198 72.
935 3130 949 3203 ξ
968 3145 1032 3201 132:
1050 3131 1189 3202 Τοιγάρτοι
1203 3131 1229 3183 ri
1240 3135 1291 3184 τῶν
1302 3128 1466 3184 ἀνελπίστων

315 3215 356 3268 καὶ
380 3213 581 3284 ἀπροσδοκήτων
599 3211 643 3284 ἐφ’
663 3213 733 3282 ἡμῶν
754 3215 785 3269 οὗ
806 3215 927 3286 γέγονεν;
959 3217 997 3270 Οὐ
1017 3215 1069 3286 γὰρ
1088 3214 1149 3278 βίον
1167 3212 1192 3284 γ’
1214 3212 1286 3280 ἡμεῖς
1305 3210 1466 3282 bononem

313 3299 483 3364 βεβιώκαμεν,
495 3295 555 3350 ἀλλ’
567 3296 603 3352 tls
614 3297 841 3369 παραδοξολογίαν
852 3301 906 3355 τοῖς
918 3298 1051 3369 ἐσομένοις
1062 3295 1119 3368 μεθ’
1131 3296 1197 3368 ἡμᾶς
1208 3298 1315 3366 ἔφυμεν.

349 3379 372 3410 ⁷⁸
392 3381 471 3450 Livy,
484 3380 518 3434 ix.
535 3394 566 3447 17
579 3381 616 3434 ad
629 3381 676 3435 fin.

349 3463 373 3495 ⁷⁹
390 3464 468 3532 This,
487 3465 535 3518 the
554 3463 636 3530 sixth,
655 3464 679 3519 is
698 3481 753 3520 one
771 3466 803 3520 oi
818 3467 866 3521 the
884 3477 958 3521 most
983 3463 1135 3535 important
1154 3465 1186 3518 os
1200 3466 1249 3519 the
1268 3463 1417 3520 ‘Grounds
1436 3465 1468 3518 of

315 3549 416 3618 Hope.’
455 3549 479 3602 lt
498 3547 521 3602 is
539 3548 625 3602 taken
643 3547 715 3602 from
732 3549 781 3604 the
797 3549 889 3604 future
908 3548 1097 3604 construction
1116 3547 1149 3602 of
1162 3565 1180 3602 a
1198 3549 1317 3602 Natural
1336 3548 1463 3616 History,

313 3632 446 3702 specially
462 3631 587 3700 adapted
608 3640 637 3685 to
657 3632 705 3686 the
720 3641 808 3688 wauts
826 3634 857 3687 os
876 3633 994 3687 Natural
1014 3630 1188 3701 Philosophy
1201 3630 1220 3699 (⁴
1231 3631 1347 3686 collecta
1364 3632 1402 3685 ad
1420 3631 1462 3685 in·

311 3717 491 3771 formandum
514 3715 684 3769 intellectum
706 3715 734 3769 in
756 3716 854 3770 ordine
878 3717 915 3770 ad
939 3715 1118 3770 condendam
1142 3713 1348 3784 philosophiam
1358 3715 1385 3782 '),
1404 3713 1462 3769 and

313 3799 474 3867 containing
484 3799 608 3853 arecord
618 3799 649 3852 ol
657 3799 884 3868 experimentsas
894 3801 954 3854 well
965 3815 996 3853 as
1006 3798 1208 3853 observations.
1245 3796 1316 3852 This
1329 3797 1462 3852 ‘Natural

314 3882 446 3952 History'
459 3899 515 3936 was
533 3891 564 3936 to
579 3882 615 3937 be
634 3881 762 3952 supplied
780 3883 808 3937 in
824 3884 871 3937 the
890 3883 963 3937 third
981 3893 1043 3952 part
1057 3883 1088 3936 of
1100 3881 1149 3936 the
1164 3881 1331 3936 Instauratio
1345 3883 1461 3950 Magna,

313 3965 403 4021 which
417 3982 474 4019 was
491 3975 520 4020 to
536 3966 572 4020 be
588 3965 704 4020 entitled
718 3967 725 3994 ‘
737 3967 935 4021 Phaenomena
952 3965 1092 4031 Universi,
1105 3964 1164 4020 sive
1179 3965 1303 4020 Historia
1317 3963 1461 4020 Naturalis

312 4060 340 4105 et
352 4048 586 4118 Experimentalis
606 4049 644 4104 ad
662 4050 840 4104 condendam
858 4048 1083 4119 Philosophiam)
1120 4049 1255 4102 Towards
1273 4048 1462 4117 constructing

312 4132 368 4188 this
383 4132 459 4187 third
474 4143 536 4201 part
551 4130 583 4185 oi
595 4133 643 4186 the
659 4133 828 4188 Instauratio
846 4135 952 4189 several
972 4143 1103 4202 attempts
1117 4149 1187 4186 were
1205 4132 1289 4186 made
1305 4133 1342 4201 by
1355 4134 1460 4197 Bacon‚

311 4233 343 4271 as
362 4217 390 4271 in
409 4217 457 4270 the
477 4215 604 4269 Historia
621 4217 786 4284 Ventorum,
801 4215 928 4271 Historia
946 4217 1028 4270 Vitae
1046 4225 1074 4270 et
1096 4215 1205 4280 Mortis
1226 4215 1351 4270 Historia
1371 4215 1461 4270 Densi

311 4309 339 4354 et
359 4299 435 4368 Rari,
454 4301 540 4368 Sylva
560 4299 717 4368 Sylvarum,
736 4299 787 4354 &e
824 4300 918 4354 These
937 4298 1028 4354 works
1047 4316 1094 4353 are
1118 4299 1253 4354 collected
1273 4297 1301 4352 in
1319 4300 1366 4354 the
1384 4299 1461 4354 third

311 4385 421 4438 volume
434 4383 466 4436 of
476 4382 545 4436 Ellis
558 4382 1091 4452 andSpedding’sEdition,pp.1-680.
1131 4383 1156 4436 lt
1169 4392 1244 4438 must
1256 4382 1292 4437 be
1305 4382 1461 4448 consessed,

311 4468 447 4534 however,
458 4467 489 4521 ol
497 4467 578 4521 these
590 4465 691 4536 pieces,
705 4466 765 4520 that
779 4466 845 4534 they
858 4484 967 4521 answer
979 4468 1028 4521 but
1041 4484 1109 4534 very
1116 4466 1290 4536 imperfectly
1298 4475 1327 4520 to
1342 4467 1460 4520 Bacon’s

312 4551 477 4620 conception
490 4549 520 4605 ol
534 4569 551 4604 a
563 4551 671 4605 natural
689 4547 794 4619 history
807 4568 839 4604 as
855 4549 1012 4606 delineated
1029 4549 1056 4603 in
1074 4549 1130 4605 this
1143 4548 1304 4620 Aphorism.
1341 4550 1397 4604 Far
1411 4549 1459 4604 the
