3280 5238
642 439 724 498 LIB.
746 441 790 499 ΙΙ.
814 431 950 519 38-39.
1301 449 1363 517 491

216 618 388 692 processus
417 605 625 673 continuatos
655 605 723 672 sive
753 605 851 671 series
881 627 992 670 earum
1020 627 1126 671 rerum
1154 615 1187 672 et
1215 616 1365 670 motuum

215 732 302 794 quae
316 711 367 798 (ut
385 708 577 797 plurimum)
600 731 665 776 non
688 721 845 775 notantur
867 709 928 774 nisi
951 709 984 776 in
1008 712 1100 775 exitu
1124 720 1182 775 aut
1205 711 1367 794 periodis3

214 825 352 899 quartae
377 811 503 900 aliquid
529 813 734 880 substituunt
760 815 869 880 sensui
896 813 929 878 in
956 815 1053 880 meris
1078 813 1368 890 destitutionibus3

216 921 351 1003 quintae
377 921 525 986 excitant
551 919 770 984 attentionem
797 940 912 984 sensus
937 929 970 984 et
993 919 1242 998 advertentiam,
1266 929 1368 1001 atque

216 1044 280 1088 una
296 1024 440 1088 limitant
455 1023 672 1089 subtilitatem
695 1043 813 1089 rerum.
859 1025 913 1087 De
935 1023 986 1088 his
1008 1035 1119 1089 autern
1143 1023 1278 1106 singulis
1297 1022 1366 1106 jam

215 1125 391 1194 dicendum
407 1136 468 1195 est.

708 1249 876 1314 XXXIX.

261 1387 352 1453 Inter
379 1389 634 1473 praerogativas
670 1389 906 1454 instantiarum
944 1408 1105 1472 ponemus
1135 1386 1207 1453 loco
1238 1383 1367 1452 decimo

216 1502 315 1556 sexto
340 1493 526 1558 instantias
547 1493 684 1568 Jonuoe
706 1493 774 1558 sive
795 1493 941 1558 Portae:
976 1514 1016 1557 eo
1040 1494 1125 1557 enim
1151 1493 1283 1556 nomine
1311 1512 1367 1556 eas

216 1596 423 1680 appellamus
450 1618 536 1681 quae
558 1595 676 1680 juvant
702 1597 849 1666 actiones
875 1617 988 1661 sensus
1014 1596 1230 1660 immediatas.
1277 1593 1369 1660 Inter

217 1721 333 1766 sensus
363 1711 474 1766 autem
506 1701 715 1767 manifestum
742 1711 793 1766 est
819 1711 930 1783 partes
956 1701 1078 1784 primas
1104 1709 1215 1764 tenere
1238 1697 1367 1776 Visum,

218 1805 329 1887 quoad
356 1805 641 1886 informationem
676 1826 779 1889 quare
803 1805 880 1870 huic
905 1805 1014 1870 sensui
1042 1805 1217 1888 praecipue
1243 1803 1368 1868 auxilia

217 1907 448 1992 conquirenda.
493 1909 633 1976 Auxilia
659 1921 769 1975 autern
798 1910 939 1994 triplicia
969 1928 1041 1973 esse
1070 1929 1167 1992 posse
1194 1906 1366 1972 videntur:

217 2011 270 2077 vel
295 2023 332 2077 ut
354 2015 514 2099 percipiat
537 2035 603 2079 non
625 2016 716 2092 visa;
746 2013 799 2079 vel
822 2023 859 2079 ut
882 2013 1005 2097 majore
1028 2009 1221 2087 intervallo;
1255 2008 1307 2074 vel
1331 2022 1368 2076 ut

217 2117 366 2181 exactius
389 2128 423 2183 et
445 2119 641 2183 distinctius.

262 2220 362 2285 Primi
383 2223 512 2306 generis
535 2232 611 2288 sunt
634 2219 756 2309 (missis
778 2221 983 2288 bis-oculis³⁷
1006 2233 1039 2286 et
1062 2220 1259 2304 hujusmodi,
1282 2241 1368 2303 quae

217 2324 330 2390 valent
346 2335 476 2391 tantum
492 2328 535 2391 ad
551 2328 779 2410 corrigendam
795 2337 828 2391 et
846 2325 1018 2391 levandam
1037 2325 1259 2390 infirmitatem
1278 2326 1369 2389 visus

218 2449 285 2493 non
313 2432 398 2495 bene
425 2431 584 2515 dispositi,
609 2443 710 2513 atque
737 2431 812 2495 ideo
839 2430 918 2495 nihil
945 2430 1086 2515 amplius
1113 2426 1303 2514 informant)
1329 2450 1367 2492 ea

217 2553 303 2616 quae
325 2555 430 2619 nuper
448 2535 581 2599 inventa
599 2544 675 2598 sunt
695 2533 935 2620 perspicilla³⁸3
957 2555 1043 2618 quae
1065 2534 1208 2598 latentes
1230 2543 1263 2596 et
1287 2533 1368 2596 invi·

217 2637 328 2701 sibiles
343 2643 518 2722 corporum
536 2637 700 2718 minutias,
716 2649 748 2703 et
768 2639 916 2705 occultos
935 2636 1186 2703 schematismos
1204 2646 1237 2700 et
1258 2646 1368 2700 motus

217 2737 328 2825 (aucta
351 2741 521 2825 insigniter
540 2744 720 2826 specierum
743 2743 985 2827 magnitudine)
1006 2743 1253 2818 demonstrant;
1285 2761 1367 2824 quo·

216 2865 288 2908 rum
309 2843 350 2922 vi,
372 2846 404 2908 in
424 2845 541 2931 pulice,
565 2868 686 2923 musca,
706 2848 899 2926 vermiculis,
920 2855 1072 2912 accurata
1094 2845 1241 2929 corporis
1264 2843 1368 2926 figura

217 2957 250 3011 et
272 2947 481 3026 lineamenta,
505 2971 632 3016 necnon
655 2951 780 3017 colores
801 2960 835 3016 et
859 2961 968 3016 motus
990 2951 1080 3034 prius
1102 2969 1169 3014 non
1192 2946 1368 3032 conspicui,

217 3072 283 3115 non
314 3052 384 3117 sine
413 3055 632 3118 admiratione
662 3067 845 3120 cernuntur.
902 3055 1095 3138 Quinetiam
1125 3053 1218 3118 aiunt
1247 3051 1367 3116 lineam

251 3285 274 3320 ⁸⁷
294 3290 464 3360 Spectacles.
501 3293 588 3348 Their
600 3291 752 3360 invention,
764 3291 819 3348 like
835 3293 896 3348 that
909 3292 940 3347 ol
956 3293 1004 3347 the
1021 3291 1197 3361 Microscope
1212 3290 1268 3345 and
1286 3291 1369 3345 Tele·

215 3387 308 3444 scope,
319 3375 370 3430 has
383 3375 454 3431 been
468 3376 596 3431 ascribed
608 3386 637 3431 to
651 3377 745 3446 Roger
758 3378 861 3430 Bacon.
900 3378 964 3442 But,
973 3376 1102 3430 however
1114 3373 1170 3429 this
1180 3390 1246 3443 may
1254 3375 1290 3429 be
1301 3374 1369 3443 (and

215 3458 294 3512 there
314 3475 362 3514 ane
381 3475 467 3529 many
485 3459 567 3514 other
590 3458 759 3529 claimants),
778 3460 827 3514 the
847 3458 990 3514 invention
1009 3457 1042 3512 oi
1057 3458 1130 3512 what
1151 3475 1198 3512 are
1218 3457 1370 3527 ordinarily

216 3541 306 3596 called
319 3542 506 3612 ‘spectacles’
517 3561 584 3612 may
596 3543 630 3598 be
643 3544 739 3600 traced
751 3543 824 3599 back
837 3553 866 3598 at
880 3542 950 3598 least
963 3559 995 3597 as
1014 3541 1058 3596 iar
1077 3559 1110 3596 as
1129 3542 1178 3596 the
1198 3541 1256 3597 end
1274 3542 1306 3597 ol
1321 3543 1368 3597 the

214 3625 367 3680 thineenth
387 3635 511 3696 century.
559 3628 614 3682 See
638 3627 864 3699 Encydopaedia
890 3625 1051 3681 Britannica
1073 3625 1133 3695 (9th
1153 3625 1229 3696 Ed),
1248 3635 1313 3682 arts.
1332 3643 1368 3681 on

215 3709 378 3778 Spectacles
391 3709 449 3764 and
460 3710 510 3765 the
523 3709 700 3781 Microscope
714 3711 853 3783 (Simple).
1341 3773 1344 3780 ,

250 3789 273 3822 ³⁸
310 3792 510 3863 Microscopes.
548 3796 574 3849 lt
587 3812 679 3850 seems
688 3795 763 3865 plain
776 3796 846 3850 from
859 3795 906 3850 the
919 3803 1029 3848 context
1049 3793 1108 3848 that
1128 3794 1224 3850 Bacon
1243 3793 1300 3849 had
1319 3803 1368 3848 not

215 3891 283 3932 seen
295 3893 358 3930 one.
390 3877 437 3932 He
450 3879 552 3948 speaks
562 3878 593 3932 ot
602 3878 681 3932 thern
689 3896 722 3933 as
732 3879 814 3947 lately
823 3878 964 3933 invented.
995 3877 1158 3946 Supposing
1169 3878 1263 3945 Roget
1272 3879 1368 3931 Bacon

215 3969 245 4014 to
258 3960 330 4014 have
343 3959 491 4015 described
503 3961 597 4015 rather
606 3961 681 4015 what
694 3961 730 4016 he
743 3962 861 4031 thought
876 3961 966 4030 might
974 3961 1010 4014 be
1021 3960 1088 4014 than
1099 3961 1172 4013 what
1181 3961 1302 4029 actually
1312 3977 1369 4014 was

215 4043 403 4112 constructed‚
422 4061 463 4099 we
482 4060 556 4112 may,
576 4045 706 4113 perhaps,
724 4044 796 4098 refer
815 4046 862 4100 the
881 4045 974 4099 actual
995 4043 1139 4098 invention
1160 4043 1190 4097 ol
1207 4044 1368 4112 compound

215 4126 404 4196 microscopes
425 4135 455 4183 to
474 4125 623 4183 Zacharias
642 4129 749 4197 Jansen
771 4127 801 4181 ol
819 4127 1007 4197 Middelburg‚
1028 4128 1113 4181 about
1137 4139 1211 4195 1590.
1248 4126 1368 4195 ‘Jansen

215 4227 287 4279 gave
304 4227 358 4264 one
373 4209 405 4264 oi
417 4209 463 4265 his
479 4211 667 4281 microscopes
683 4220 713 4265 to
730 4211 778 4266 the
790 4211 949 4280 Arcbdulce,
963 4211 1026 4265 who
1043 4227 1115 4280 gave
1135 4209 1155 4264 it
1174 4218 1204 4263 to
1222 4209 1369 4266 Cornelius

216 4293 351 4362 Drebbel,
364 4309 382 4348 a
394 4294 516 4350 salaried
528 4293 755 4349 mathematician
769 4303 797 4350 at
811 4294 858 4348 the
872 4304 949 4348 court
962 4294 995 4348 oi
1010 4311 1060 4349 our
1071 4296 1166 4366 James
1181 4291 1212 4346 l.'
1249 4293 1304 4347 See
1323 4292 1369 4349 lile

215 4376 247 4430 ol
258 4375 375 4442 Galileo,
389 4377 433 4431 ch.
446 4378 473 4439 6,
487 4377 516 4432 in
530 4377 647 4446 Library
658 4377 690 4432 ol
700 4377 799 4433 Useiul
812 4378 991 4446 Knowledge.
1029 4379 1083 4433 See
1095 4379 1155 4432 also
1169 4377 1240 4430 Enc.
1250 4376 1308 4442 ur,
1317 4389 1369 4433 art.

214 4475 253 4514 on
272 4459 321 4514 the
343 4459 532 4534 Microscope3
566 4461 719 4530 Montucla,
744 4460 868 4517 Histoire
892 4461 943 4516 des
970 4460 1218 4534 Mathematiques,
1245 4459 1310 4516 Part
1333 4461 1369 4516 iv.

214 4541 260 4598 liv.
273 4541 310 4600 iv.
