3358 5152
332 457 395 528 324
566 435 570 448 ‘
712 447 868 504 novun
888 444 1105 501 ouonwuv.

333 613 497 679 instantiis
518 612 639 678 vilibus
656 621 690 678 et
709 611 850 676 sordidis
872 611 1073 694 quandoque
1095 607 1219 672 eximia
1241 608 1300 670 lux
1325 616 1359 671 et
1383 606 1480 672 insor-

333 719 436 783 matio
455 729 597 784 emanat.
641 716 768 782 Verum
789 717 832 781 de
852 715 916 779 hoe
934 714 1031 778 nimis
1053 712 1179 788 multa;
1203 731 1278 776 cum
1298 711 1361 776 hoc
1376 731 1481 793 genus

332 822 451 888 fastidii
468 823 509 886 sit
525 823 623 906 plane
638 819 761 904 puerile
778 831 811 884 et
827 819 1083 884 effoeminatum.

849 1010 976 1076 CXXI.

377 1159 428 1226 At
443 1162 486 1224 de
502 1159 558 1224 illo
574 1161 710 1224 omnino
726 1159 831 1242 magis
846 1168 999 1223 accurate
1014 1155 1254 1239 dispiciendum
1270 1181 1278 1234 3
1302 1155 1393 1238 quod
1409 1153 1482 1237 plu-

336 1266 417 1329 rima
428 1266 460 1328 in
472 1264 609 1328 historia
619 1275 731 1330 nostra
743 1262 855 1347 captui
864 1261 999 1345 vulgari,
1010 1269 1068 1325 aut
1080 1261 1179 1324 etiam
1190 1259 1292 1325 cuivis
1302 1258 1482 1323 intellectui

334 1365 445 1452 (rebus
461 1368 688 1452 praesentibus
703 1363 911 1452 assuefacto),
927 1366 1127 1429 videbuntur
1142 1365 1291 1428 curiosae
1313 1361 1482 1444 cujusdam

334 1483 368 1539 et
384 1474 507 1537 inutilis
522 1473 724 1538 subtilitatis.
772 1471 889 1555 Itaque
904 1470 1024 1535 dehoc
1039 1479 1116 1533 ante
1132 1469 1243 1532 omnia
1258 1478 1292 1532 et
1308 1468 1434 1532 dictum
1450 1476 1484 1530 et

336 1579 513 1642 dicendum
530 1587 600 1640 est:
625 1576 688 1641 hoc
703 1575 847 1654 scilicet;
871 1596 932 1640 nos
948 1574 1018 1657 jam
1039 1574 1101 1638 sub
1117 1573 1217 1636 initiis
1233 1583 1267 1638 et
1282 1574 1325 1636 ad
1341 1581 1482 1654 tempus,

335 1691 465 1747 tantum
491 1680 630 1762 lucifera
660 1681 899 1764 experimenta,
927 1700 992 1744 non
1013 1679 1200 1761 fructifera
1223 1697 1402 1759 quaerere;
1440 1675 1482 1738 ad

336 1785 529 1869 exemplum
560 1783 734 1850 creationis
764 1785 903 1857 divinae
930 1785 1021 1865 quod
1054 1783 1184 1864 saepius
1214 1781 1369 1858 diximus,
1399 1799 1484 1862 quae

337 1889 443 1972 primo
459 1889 514 1953 die
527 1887 634 1952 lucem
653 1897 782 1952 tantum
801 1887 971 1971 produxit,
993 1887 1089 1969 eique
1111 1885 1171 1950 soli
1196 1905 1296 1949 unum
1319 1885 1483 1964 integrum

334 1991 423 2056 diem
458 1993 616 2070 attribuit,
647 2010 754 2075 neque
789 1990 845 2055 illo
880 1991 934 2055 die
968 1990 1143 2072 quicquam
1175 1988 1339 2052 materiati
1376 1989 1484 2072 operis

337 2095 524 2162 immiscuit.

381 2199 499 2283 Itaque
522 2199 549 2263 si
571 2199 645 2282 quis
665 2198 849 2264 istiusmodi
869 2219 920 2264 res
938 2197 1058 2263 nullius
1080 2219 1152 2263 esse
1175 2217 1252 2262 usus
1274 2205 1379 2281 putet,
1394 2195 1482 2261 idem

336 2304 515 2387 cogitatae
537 2304 564 2368 si
583 2302 709 2367 nullum
730 2303 830 2367 etiam
853 2301 935 2368 lucis
957 2325 1029 2368 esse
1053 2322 1148 2367 usum
1171 2311 1311 2376 censeat,
1331 2301 1409 2382 quia
1433 2321 1483 2364 res

336 2407 460 2473 scilicet
475 2407 581 2472 solida
597 2417 654 2473 aut
671 2407 843 2472 materiata
860 2408 994 2472 nonsit.
1040 2405 1157 2489 Atque
1177 2426 1290 2470 revera
1305 2406 1482 2470 dicendum

336 2522 396 2590 est,
412 2511 610 2595 simplicium
626 2522 816 2577 naturarum
827 2509 854 2550 ⁴³
869 2511 1092 2593 cognitionem
1111 2511 1195 2574 bene
1210 2510 1434 2574 examinatam
1450 2519 1484 2573 et

336 2614 506 2681 definitam
517 2616 619 2680 instar
627 2614 708 2680 lucis
721 2637 807 2680 esse:
831 2635 916 2697 quae
928 2616 970 2680 ad
987 2615 1136 2679 universa
1148 2634 1287 2698 operum
1302 2611 1484 2696 penetralia

336 2720 463 2784 aditum
475 2720 621 2802 praebet,
630 2729 730 2802 atque
740 2728 811 2783 tota
820 2719 953 2802 agmina
961 2739 1097 2802 operum
1106 2726 1141 2784 et
1150 2727 1284 2793 turmas,
1291 2728 1325 2782 et
1334 2717 1483 2781 axioma·

335 2833 408 2887 tum
424 2822 702 2888 nobilissimorum
717 2821 833 2902 fontes,
849 2831 1018 2905 potestate
1038 2823 1183 2905 quadam
1204 2820 1435 2905 complectitur
1450 2831 1484 2885 et

336 2937 413 3007 post
429 2947 464 2991 se
479 2925 580 2990 trahit
594 2947 601 3004 ;
625 2927 657 2988 in
673 2947 709 2990 se
725 2936 836 2990 tamen
852 2947 918 2990 non
941 2926 988 2991 ita
1010 2926 1121 3010 magni
1141 2945 1219 2990 usus
1235 2935 1295 2989 est.
1340 2924 1431 3007 Quin
1451 2933 1485 2989 et

338 3031 506 3095 literarum
529 3028 694 3094 elementa
717 3050 774 3114 per
798 3051 833 3094 se
855 3041 890 3096 et
912 3030 1089 3112 separatim
1112 3029 1193 3092 nihil
1216 3027 1402 3113 significant
1424 3049 1484 3093 uec

337 3133 474 3215 alicujus
499 3152 575 3196 usus
601 3141 689 3208 sunt,
713 3136 772 3198 sed
799 3144 911 3198 tamen
937 3134 979 3197 ad
1005 3134 1111 3198 omnis
1135 3133 1294 3198 sermonis
1321 3134 1484 3216 composi·

337 3238 462 3300 tionem
486 3247 520 3302 et
545 3247 742 3321 apparatum
774 3237 875 3302 instar
898 3238 1056 3302 materiae
1083 3238 1208 3320 primae
1236 3246 1322 3301 sunt.
1369 3237 1480 3301 Etiam

338 3341 464 3404 semina
488 3360 596 3404 rerum
623 3350 790 3422 potestate
815 3340 935 3418 valida,
962 3361 1023 3406 usu
1053 3339 1128 3427 (uisi
1158 3341 1190 3404 in
1224 3361 1380 3423 processu
1410 3339 1484 3424 suo)

338 3443 430 3508 nihili
461 3454 548 3509 sunt.
592 3442 709 3525 Atque
739 3443 820 3507 lucis
850 3445 951 3527 ipsius
981 3445 1063 3509 radii
1093 3445 1240 3529 dispersi,
1267 3445 1330 3509 nisi
1358 3454 1484 3521 coeant,

338 3545 531 3612 beneficium
555 3566 650 3610 suum
674 3567 741 3611 non
764 3547 1004 3631 impertiuntur.

373 3705 396 3738 ⁴³
414 3708 484 3763 This
497 3725 614 3778 passage
628 3709 651 3763 is
670 3709 822 3780 important
840 3727 872 3764 as
884 3711 1022 3782 throwing
1033 3711 1103 3780 light
1121 3710 1190 3766 both
1203 3728 1239 3766 on
1254 3713 1371 3767 Bacon’s
1388 3712 1487 3781 theory

337 3791 369 3848 ol
379 3793 478 3847 Forms
496 3792 552 3847 and
565 3809 603 3846 on
614 3792 659 3847 his
677 3794 776 3862 theory
789 3793 820 3848 oi
830 3793 986 3849 Induction
1025 3795 1072 3849 He
1091 3811 1184 3850 seems
1202 3803 1232 3849 to
1245 3796 1317 3850 have
1335 3795 1453 3865 thought
1466 3795 1487 3851 it

339 3875 461 3946 possible
480 3885 509 3930 to
530 3876 658 3930 discover
680 3876 730 3930 the
751 3877 877 3931 ultimate
896 3878 1029 3932 elements
1052 3875 1206 3948 (simplices
1228 3878 1369 3946 naturae),
1390 3890 1437 3934 out
1460 3879 1490 3934 oi

338 3958 431 4012 which
443 3959 479 4012 all
497 3959 546 4012 the
564 3959 697 4013 mauiiold
710 3959 767 4013 and
787 3958 914 4015 intricate
926 3961 1022 4015 effects
1041 3959 1070 4014 in
1089 3962 1198 4015 Nature
1215 3977 1263 4016 are
1282 3963 1487 4032 compounded,

335 4042 392 4110 just
411 4059 443 4096 as
461 4043 499 4095 all
517 4041 607 4096 words
626 4042 684 4096 and
703 4052 858 4108 sentences,
877 4044 1005 4098 however
1025 4060 1176 4099 numerous
1197 4044 1253 4099 and
1272 4047 1401 4115 complex
1422 4047 1488 4115 they

339 4141 404 4193 may
415 4125 460 4191 be,
473 4141 520 4179 are
533 4125 730 4194 compounded
743 4135 791 4181 out
810 4126 841 4180 oi
850 4127 898 4181 the
911 4127 1004 4180 letters
1018 4128 1049 4180 oi
1058 4128 1106 4181 the
1124 4128 1264 4198 alphabet.
1301 4130 1394 4184 When
1408 4131 1488 4185 these

339 4207 457 4278 ‘simple
470 4207 598 4262 natures’
610 4223 680 4263 were
698 4209 871 4274 discovered,
886 4209 905 4264 it
918 4210 1009 4264 would
1024 4211 1059 4265 be
1075 4227 1151 4282 easy,
1164 4212 1200 4267 he
1219 4213 1380 4279 conceived‚
1395 4212 1432 4282 by
1444 4230 1487 4268 re-

336 4289 441 4360 jecting
459 4291 518 4345 first
537 4307 591 4345 one
610 4292 667 4346 and
685 4292 752 4347 then
771 4293 899 4358 another,
916 4303 946 4348 to
964 4294 1108 4362 ascertain,
1123 4295 1243 4366 through
1262 4297 1309 4350 the
1327 4296 1441 4350 method
1460 4295 1491 4350 ol

339 4374 499 4440 Exclusion,
521 4375 570 4430 the
592 4376 615 4430 F
617 4393 678 4430 orm
698 4391 731 4429 or
752 4376 844 4430 Cause
862 4375 893 4430 oi
907 4393 963 4445 any
981 4377 1064 4445 given
1083 4379 1287 4448 phenomenou.
1325 4380 1378 4434 See
1400 4381 1487 4434 Intro·

339 4456 462 4525 duction,
482 4455 496 4527 §
516 4471 541 4526 9,
561 4457 618 4512 and
638 4460 692 4513 Mr.
709 4458 787 4514 Ellis'
808 4459 928 4514 General
952 4461 1067 4516 Presace
1092 4471 1121 4516 to
1141 4463 1260 4518 Bacon’s
1281 4461 1487 4533 Philosophical

339 4539 452 4609 Works,
465 4557 511 4610 pp.
525 4552 621 4611 25-39.
