3342 5152
678 352 758 408 ΗΒ.
782 353 824 409 II.
851 361 899 428 13.
1300 342 1363 430 383

213 517 349 601 lignum,
373 538 438 582 non
461 539 558 602 aqua,
582 539 647 582 non
670 519 811 582 cadaver
831 517 993 591 animalis,
1017 517 1224 581 inveniuntur
1246 516 1363 581 calida.

213 621 336 705 Aquae
362 633 474 686 autem
502 623 627 686 calidae
654 623 686 685 in
710 623 836 687 balneis
858 623 1012 686 videntur
1035 621 1176 686 calefieri
1198 642 1257 704 per
1280 623 1364 686 acci-

213 727 305 802 dens,
327 727 396 790 sive
418 747 476 810 per
499 726 668 790 flammam
691 736 748 790 aut
773 727 882 810 ignem
909 727 1169 800 subterraneum,
1193 725 1297 808 qualis
1320 743 1364 788 ex

213 830 326 894 Aetna
350 841 383 894 et
407 831 576 895 montibus
597 831 670 894 aliis
691 831 918 914 compluribus
939 831 1111 906 evomitur,
1129 831 1197 893 sive
1219 851 1263 892 ex
1286 849 1364 892 con-

213 933 303 998 flictu
330 954 515 1017 corporum,
537 935 820 1018 quemadmodum
851 935 941 999 calor
967 934 1004 998 fit
1034 935 1068 996 in
1098 933 1173 996 ferri
1198 943 1230 997 et
1255 934 1363 997 stanni

213 1038 493 1102 dissolutionibus.
539 1038 657 1121 Itaque
672 1039 795 1122 gradus
810 1039 930 1103 caloris
946 1039 978 1100 in
995 1037 1192 1108 inanimatis,
1203 1047 1365 1119 quatenus

212 1142 256 1204 ad
268 1152 394 1206 tactum
408 1142 600 1217 humanum,
613 1143 720 1206 nullus
735 1153 785 1206 est
797 1168 804 1219 ;
824 1152 1039 1207 veruntamen
1053 1140 1107 1204 illa
1119 1142 1224 1224 gradu
1237 1139 1365 1224 frigoris

213 1245 388 1324 differunt3
412 1266 479 1309 non
502 1247 590 1310 enim
610 1266 717 1328 aeque
740 1246 896 1330 frigidum
914 1255 964 1310 est
983 1245 1108 1330 lignum
1124 1265 1162 1309 ac
1184 1243 1363 1308 metallum.

214 1347 282 1412 Sed
298 1348 361 1412 hoc
378 1349 522 1432 pertinet
537 1351 580 1414 ad
598 1349 757 1413 Tabulam
776 1349 948 1413 Gravinum
964 1351 999 1414 in
1016 1348 1162 1430 Frigido.

259 1471 287 1514 2.
309 1453 472 1517 Attamen
488 1455 598 1537 quoad
613 1454 812 1536 potentiales
833 1453 958 1518 calores
979 1463 1012 1518 et
1033 1453 1302 1536 praeparationes
1320 1453 1363 1516 ad

214 1555 392 1636 flammam,
415 1558 585 1642 complura
612 1559 820 1621 inveniuntur
843 1558 1023 1622 inanimata
1045 1557 1227 1620 admodum
1252 1557 1363 1638 dispo-

213 1661 285 1734 sita,
301 1671 338 1724 ut
354 1661 499 1744 sulphur,
515 1661 674 1744 naphtha,
690 1661 892 1744 petrelaeum
903 1657 940 1725 ³².

258 1791 287 1856 3.
308 1772 405 1856 Quae
421 1782 519 1836 antea
535 1772 749 1847 incaluerunt,
766 1783 802 1837 ut
818 1771 916 1837 fimus
937 1772 1074 1855 equinus
1088 1793 1132 1834 ex
1148 1771 1290 1848 animali,
1306 1783 1364 1834 aut

213 1876 299 1953 calx,
319 1888 376 1940 aut
398 1876 541 1940 sortasse
563 1877 644 1940 cinis
666 1886 724 1940 aut
745 1876 848 1960 fuligo
872 1897 916 1940 ex
940 1877 1026 1960 igne,
1046 1876 1201 1958 reliquias
1224 1876 1365 1940 latentes

214 1982 375 2062 quasdam
402 1981 521 2046 caloris
552 1981 668 2064 prioris
699 1982 840 2044 retinent
854 1980 889 2042 ³³.
944 1980 1063 2061 Itaque
1089 1979 1172 2044 fiunt
1201 1980 1363 2061 quaedam

213 2085 443 2149 distillationes
458 2094 491 2148 et
507 2084 731 2168 separationes
752 2102 927 2168 corporum
944 2103 1003 2166 per
1016 2084 1220 2166 sepulturam
1237 2084 1269 2146 in
1286 2082 1365 2147 fimo

213 2189 352 2270 equino;
369 2199 470 2270 atque
486 2191 650 2253 excitatur
665 2188 756 2253 calor
772 2191 805 2252 in
820 2189 910 2252 calce
926 2208 986 2271 per
999 2187 1222 2269 aspersionem
1237 2207 1363 2269 aquae3

214 2303 250 2356 ut
262 2292 332 2374 jam
348 2294 547 2359 dictumest.

256 2415 286 2472 4.
312 2397 402 2460 lnter
423 2396 620 2480 vegetabilia
647 2419 712 2461 non
736 2399 901 2462 invenitur
927 2396 1038 2479 aliqua
1061 2396 1175 2479 planta
1202 2396 1269 2459 sive
1290 2417 1364 2478 pars

214 2502 345 2585 plantae
370 2497 487 2586 (veluti
513 2501 684 2584 lachryma
713 2513 771 2566 aut
803 2498 961 2586 medulla)
987 2521 1073 2583 quae
1101 2501 1143 2562 sit
1170 2500 1212 2562 ad
1237 2510 1364 2564 tactum

213 2604 394 2669 humanum
411 2605 526 2670 calida.
573 2604 639 2670 Sed
660 2614 771 2670 tamen
787 2603 838 2691 (ut
853 2606 1002 2689 superius
1022 2605 1148 2668 dictum
1164 2599 1228 2689 est)
1243 2604 1365 2668 herbae

213 2708 332 2772 virides
368 2709 540 2774 conclusae
572 2710 757 2788 calescunt;
795 2721 895 2792 atque
929 2710 971 2772 ad
1006 2708 1193 2772 interiorem
1229 2718 1363 2782 tactum,

212 2811 313 2876 veluti
328 2813 370 2876 ad
387 2813 534 2896 palatum
553 2825 610 2878 aut
629 2816 671 2879 ad
693 2815 910 2893 stomachum,
926 2823 984 2877 aut
1004 2812 1103 2876 etiam
1125 2812 1167 2875 ad
1186 2814 1365 2877 exteriores

213 2928 332 3002 partes,
353 2928 429 3002 post
451 2918 596 3002 aliquam
618 2941 746 2984 moram
770 2917 821 3005 (ut
845 2921 878 2982 in
902 2918 1089 3002 emplastris
1110 2927 1143 2981 et
1167 2915 1364 3002 unguentis),

213 3031 275 3094 alia
289 3031 487 3114 vegetabilia
502 3031 709 3096 inveniuntur
723 3032 839 3107 calida,
856 3032 920 3096 alia
936 3031 1051 3112 frigida
1060 3027 1096 3092 ³⁴.

247 3284 269 3318 '¹
288 3287 453 3342 Petroleum.

247 3367 270 3400 ⁸⁸
287 3370 358 3425 This
376 3370 439 3426 idea
456 3370 488 3436 is,
501 3371 533 3425 os
546 3387 653 3440 course,
670 3374 767 3443 purely
780 3370 920 3427 fantastic
958 3373 1001 3440 By
1013 3371 1143 3441 analogy,
1157 3371 1226 3426 steel
1243 3388 1274 3426 or
1290 3373 1365 3440 glass

212 3456 298 3524 ought
312 3464 341 3508 to
353 3453 388 3509 be
401 3453 552 3524 peculiarly
564 3457 733 3527 susceptible
746 3457 778 3512 of
787 3458 863 3524 beat,
875 3455 997 3511 because
1010 3455 1076 3525 they
1088 3456 1160 3510 have
1173 3455 1245 3510 been
1262 3456 1365 3525 passed

212 3539 333 3607 through
347 3539 395 3592 the
407 3538 531 3594 sumace.

247 3619 269 3650 ⁸⁴
287 3619 358 3676 This
370 3622 514 3676 confusion
533 3623 658 3677 between
678 3622 774 3692 things
793 3623 884 3678 which
903 3640 951 3679 are
969 3623 1028 3692 bot,
1042 3623 1070 3677 in
1090 3622 1137 3678 the
1156 3633 1217 3677 true
1236 3639 1318 3678 sense
1336 3623 1370 3676 ol

212 3703 317 3772 having
332 3723 350 3758 a
366 3703 433 3774 high
451 3706 552 3774 degree
569 3705 602 3760 ol
614 3715 809 3776 temperative,
822 3705 880 3760 and
898 3707 978 3761 those
996 3706 1086 3760 which
1103 3705 1186 3760 affect
1202 3723 1258 3776 any
1270 3707 1301 3760 oi
1315 3723 1366 3760 our

212 3805 313 3858 organs
331 3788 398 3842 with
416 3805 434 3842 a
452 3788 595 3844 sensation
613 3788 680 3844 akin
699 3799 728 3844 to
748 3791 808 3845 that
828 3790 860 3844 of
876 3791 950 3856 beat,
962 3790 1016 3844 has
1035 3789 1148 3858 already
1160 3789 1231 3844 been
1251 3788 1364 3860 pointed

212 3883 259 3927 out
273 3871 301 3926 in
314 3881 380 3926 note
392 3873 427 3927 66
440 3889 477 3927 on
492 3873 566 3944 Aph.
586 3887 627 3929 11.
664 3873 710 3929 Sir
725 3875 800 3945 John
820 3874 983 3929 Herscbel's
1001 3874 1127 3928 remarks
1145 3871 1310 3941 (Discourse
1327 3890 1364 3927 on

212 3957 259 4010 the
278 3955 404 4025 studyol
420 3957 538 4012 Natural
559 3956 739 4027 Philosophy,
757 3955 771 4028 ξ
787 3956 851 4026 345)
871 3974 908 4012 on
927 3956 983 4013 this
1002 3956 1059 4011 and
1079 3956 1185 4011 similar
1203 3953 1364 4010 confusions

211 4040 296 4108 apply
309 4048 338 4092 to
351 4055 384 4093 so
401 4056 488 4108 many
499 4039 531 4094 ol
546 4041 666 4095 Bacon's
684 4042 825 4111 examples
844 4043 905 4096 that
926 4042 938 4095 1
959 4040 1040 4095 think
1059 4040 1080 4095 it
1099 4039 1155 4093 will
1174 4040 1210 4094 be
1228 4039 1316 4093 uselul
1336 4050 1364 4093 to

212 4124 259 4176 the
271 4121 384 4177 student
397 4122 421 4176 ii
432 4122 443 4175 1
458 4133 563 4178 extract
576 4125 653 4178 them
666 4133 695 4178 at
708 4125 805 4194 length
818 4143 824 4179 :

248 4205 326 4260 ‘The
344 4207 420 4260 word
439 4207 503 4260 heat
521 4207 663 4276 generally
681 4207 791 4278 implies
811 4209 859 4262 the
876 4206 1018 4262 sensation
1036 4205 1129 4260 which
1146 4223 1186 4260 we
1198 4203 1363 4274 ‚experience

212 4307 248 4344 nn
261 4289 479 4361 approacbinga
497 4289 563 4357 lire;
582 4291 640 4358 but,
656 4289 685 4344 in
703 4291 751 4346 the
769 4307 852 4346 sense
869 4289 889 4344 it
907 4289 1010 4346 carries
1028 4289 1056 4344 in
1073 4289 1194 4360 physics,
1208 4287 1229 4343 it
1247 4289 1363 4344 denotes

211 4374 258 4428 the
277 4391 368 4440 cause,
387 4374 526 4428 whatever
545 4372 566 4429 it
584 4375 628 4441 be,
647 4375 680 4428 ol
695 4375 756 4430 that
776 4375 927 4441 sensation,
946 4374 1003 4428 and
1023 4373 1054 4428 oi
1069 4374 1106 4427 all
1128 4373 1175 4428 the
1198 4373 1278 4427 other
1295 4372 1363 4443 phe·

211 4473 332 4510 nomena
351 4455 441 4510 which
460 4456 533 4512 arise
552 4473 588 4512 on
608 4458 656 4514 the
674 4458 843 4530 application
862 4458 893 4512 oi
908 4458 966 4528 lire,
979 4474 1011 4512 or
1030 4457 1063 4511 ol
1076 4473 1133 4526 any
1151 4457 1233 4513 other
1250 4455 1364 4525 hearing
