3342 5152
280 396 344 465 392
659 379 816 439 novur!
835 379 1054 438 orrannum

324 569 377 635 31.
401 549 498 616 Incus
517 568 576 632 per
591 547 747 612 malleum
769 544 877 612 calefit
897 547 1100 624 admodum3
1132 546 1214 612 adeo
1235 555 1273 610 ut
1294 547 1321 612 si
1341 547 1431 611 incus

280 655 377 720 luerit
397 654 539 719 laminae
558 653 724 728 tenuioris,
740 651 968 715 existimemus
990 651 1081 714 illam
1099 671 1158 735 per
1179 651 1280 715 sortes
1302 661 1336 715 et
1356 672 1432 716 con·

280 761 392 825 tinuos
413 759 498 822 ictus
518 756 626 820 mallei
647 777 745 840 posse
763 757 946 830 rubescere,
962 765 1000 820 ut
1015 755 1135 820 ferrum
1155 755 1293 840 ignitum
1303 753 1350 834 ⁶²;
1373 756 1432 820 sed

281 863 323 928 de
338 863 402 928 hoc
417 861 476 926 fiat
490 862 765 944 experimentum.

326 983 378 1050 32.
400 965 451 1030 At
467 966 499 1029 in
517 966 627 1048 ignitis
643 984 728 1047 quae
749 974 827 1029 sunt
845 983 975 1048 porosa,
991 965 1038 1028 ita
1058 973 1095 1027 ut
1112 964 1208 1027 detur
1226 965 1370 1047 spatium
1389 964 1431 1028 ad

282 1069 501 1135 exercendum
522 1078 650 1132 motum
669 1068 762 1152 ignis,
777 1068 804 1131 si
824 1067 1019 1133 cohibeatur
1033 1067 1223 1150 hujusmodi
1244 1077 1354 1132 motus
1374 1087 1434 1152 per

282 1174 557 1256 compressionem
585 1171 712 1250 sortem,
735 1171 848 1236 statim
871 1172 1077 1254 extinguitur
1100 1173 1204 1254 ignis;
1233 1172 1335 1236 veluti
1357 1191 1433 1236 cum

281 1278 417 1343 linteum
445 1285 556 1340 ustum
580 1285 639 1340 aut
662 1275 755 1340 filum
782 1275 900 1340 ardens
926 1277 1083 1341 candelae
1107 1287 1165 1341 aut
1192 1275 1355 1360 lampadis
1376 1286 1434 1340 aut

282 1384 384 1447 etiam
400 1381 500 1446 carbo
516 1391 574 1444 aut
589 1399 694 1462 pruna
709 1379 829 1443 ardens
847 1381 1076 1464 comprimitur
1090 1402 1149 1465 per
1164 1383 1360 1464 pressorium
1376 1389 1433 1444 aut

282 1485 376 1571 pedis
388 1485 668 1550 conculcationem
680 1493 738 1549 aut
749 1483 950 1566 hujusmodi,
960 1485 1074 1549 statim
1087 1495 1215 1550 cessant
1226 1486 1434 1569 operationes

283 1589 377 1674 ignis.

328 1710 379 1778 33.
403 1691 666 1776 Approximatio
692 1692 735 1755 ad
759 1711 878 1776 corpus
904 1692 1048 1758 calidum
1074 1703 1174 1777 auget
1196 1692 1350 1768 calorem,
1372 1713 1434 1776 pro

283 1799 388 1882 gradu
407 1795 725 1880 approximationis3
751 1797 842 1880 quod
866 1797 967 1860 etiam
990 1796 1028 1861 fit
1049 1798 1082 1860 in
1102 1797 1244 1861 lumine:
1268 1816 1345 1860 nam
1368 1815 1434 1878 quo

284 1903 419 1986 propius
435 1901 615 1965 collocatur
629 1899 798 1982 objectum
814 1901 856 1966 ad
872 1900 983 1966 lumen
997 1922 1037 1966 eo
1054 1903 1159 1985 magis
1174 1911 1225 1965 est
1238 1899 1364 1965 visibile
1373 1899 1408 1962 ⁶³.

329 2024 380 2090 34.
405 2005 494 2070 Unio
513 2005 661 2070 calorum
685 2005 889 2070 diversorum
912 2015 1013 2089 auget
1037 2006 1188 2079 calorem,
1207 2005 1268 2069 nisi
1289 2005 1375 2070 iacta
1393 2005 1435 2068 sit

284 2110 471 2176 commistio
485 2129 669 2192 corporum.
715 2109 805 2174 Nam
823 2109 916 2174 iocus
936 2129 1076 2193 magnus
1095 2119 1130 2174 et
1149 2109 1241 2174 locus
1262 2129 1383 2193 parvus
1403 2109 1435 2171 in

284 2215 402 2281 eodem
421 2213 494 2279 loco
513 2213 662 2277 nonnihil
680 2213 818 2278 invicem
836 2225 958 2297 augent
973 2213 1138 2290 calorem3
1160 2225 1196 2279 at
1218 2234 1306 2297 aqua
1325 2213 1435 2297 tepida

285 2319 432 2383 immissa
448 2318 481 2380 in
496 2338 617 2401 aquam
632 2317 814 2383 ferventem
830 2319 1006 2402 refrigerat.

330 2433 380 2506 35.
405 2422 504 2486 Mora
519 2422 665 2505 corporis
683 2421 780 2486 calidi
796 2433 897 2505 auget
913 2422 1067 2487 calorem.
1109 2421 1244 2486 Etenim
1260 2421 1349 2486 calor
1364 2440 1436 2505 per-

287 2536 388 2611 petuo
410 2527 571 2590 transiens
593 2536 628 2590 et
647 2547 805 2590 emanans
827 2527 1059 2591 commiscetur
1077 2545 1152 2590 cum
1176 2524 1285 2590 calore
1307 2527 1435 2608 praein-

286 2631 460 2708 existente,
474 2631 558 2694 adeo
575 2638 613 2693 ut
628 2629 824 2713 multiplicet
839 2631 995 2695 calorem.
1041 2631 1129 2694 Nam
1145 2629 1237 2694 iocus
1252 2651 1317 2692 non
1333 2650 1437 2712 aeque

286 2735 435 2800 calefacit
457 2732 644 2798 cubiculum
670 2754 730 2818 per
753 2755 880 2798 moram
907 2733 1092 2798 semihorae
1118 2755 1156 2798 ac
1182 2735 1210 2796 si
1237 2735 1324 2798 idem
1347 2732 1437 2797 iocus

287 2841 384 2903 duret
400 2858 458 2921 per
473 2837 590 2902 horam
608 2838 777 2921 integram.
821 2837 872 2902 At
892 2838 957 2903 hoc
977 2858 1044 2902 non
1063 2838 1141 2902 iacit
1160 2838 1290 2915 lumen3
1314 2839 1436 2901 etenim

287 2943 415 3026 lampas
433 2952 491 3006 aut
506 2942 643 3006 candela
665 2941 698 3004 in
719 2941 831 3026 aliquo
852 2942 925 3006 loco
945 2942 1053 3024 posita
1074 2963 1139 3006 non
1156 2943 1261 3024 magis
1276 2942 1437 3006 illuminat

287 3068 346 3132 per
362 3067 490 3110 moram
506 3047 696 3109 diuturnam
713 3065 813 3127 quam
828 3046 941 3110 statim
957 3046 1000 3110 ab
1016 3046 1118 3109 initio.

333 3151 384 3236 36.
409 3150 554 3214 irritatio
585 3170 643 3234 per
669 3148 825 3230 frigidum
852 3149 1001 3214 ambiens
1027 3159 1127 3232 auget
1154 3148 1316 3226 calorem3
1347 3159 1383 3212 ut
1406 3149 1438 3212 in

289 3392 321 3455 is,
334 3391 464 3461 perhaps,
476 3389 607 3443 needless
625 3398 655 3442 to
670 3388 727 3442 add
745 3389 807 3443 that
824 3389 873 3445 the
889 3393 1008 3444 amount
1019 3389 1051 3444 oi
1064 3389 1208 3460 explosion
1227 3389 1251 3444 is
1269 3390 1379 3459 emctly
1392 3391 1440 3445 the

290 3491 368 3530 same
380 3471 409 3526 in
421 3475 470 3527 the
482 3489 538 3542 gun
551 3489 583 3526 as
596 3471 617 3526 it
630 3473 722 3527 would
734 3473 770 3528 be
783 3471 812 3526 in
824 3473 873 3528 the
885 3490 958 3542 open
971 3473 1021 3528 air.

325 3556 347 3588 ⁸²
364 3557 434 3611 This
447 3556 538 3610 would
551 3556 586 3610 be
599 3573 639 3610 so.
664 3557 760 3612 Bacon
773 3575 830 3612 was
843 3557 910 3612 here
922 3573 959 3611 on
973 3557 1021 3613 the
1033 3555 1106 3626 right
1119 3557 1199 3612 track
1209 3556 1254 3612 ior
1266 3556 1441 3626 discovering

290 3642 338 3695 the
351 3639 504 3694 connexion
518 3639 642 3694 between
655 3640 721 3694 heat
734 3641 791 3694 and
803 3640 920 3695 motion.

325 3721 348 3754 ⁸⁸
366 3725 426 3777 ‘To
438 3724 487 3777 the
499 3739 550 3791 eye
562 3723 593 3777 oi
602 3723 650 3778 the
668 3723 848 3794 philosopher
861 3724 938 3778 these
951 3724 1070 3778 obscure
1085 3723 1254 3778 radiations'
1267 3723 1399 3793 (namely,
1413 3723 1445 3777 oi

290 3806 367 3876 heat)
383 3808 444 3862 ‘are
456 3805 592 3876 precisely
604 3808 653 3862 the
670 3825 747 3862 same
761 3807 789 3861 in
801 3807 881 3875 kind,
891 3825 923 3861 as
936 3809 1017 3862 those
1027 3807 1117 3862 which
1130 3807 1254 3877 produce
1264 3808 1311 3862 the
1324 3807 1441 3877 impres·

291 3892 351 3948 sion
365 3890 397 3945 os
406 3891 484 3960 light.
522 3891 583 3944 You
596 3900 678 3958 must,
693 3892 837 3959 therefore,
851 3891 938 3960 figure
950 3892 998 3946 the
1010 3891 1139 3962 particles
1150 3891 1181 3946 oi
1190 3892 1238 3946 the
1251 3891 1353 3945 heated
1366 3891 1441 3961 body

290 3994 323 4032 as
337 3976 365 4031 in
378 3991 395 4028 a
408 3983 480 4029 state
492 3974 524 4028 ol
532 3973 655 4041 motion;
674 3991 729 4042 you
742 3984 816 4028 must
830 3974 917 4043 figure
929 3975 989 4029 that
1002 3975 1109 4030 motion
1126 3992 1158 4030 as
1175 3974 1399 4029 communicated
1412 3983 1443 4029 to

291 4060 340 4114 the
357 4057 542 4126 surrounding
554 4057 641 4123 ether,
653 4057 711 4112 and
727 4057 906 4112 transmitted
923 4059 1044 4128 through
1062 4058 1083 4112 it
1096 4057 1161 4113 with
1180 4076 1198 4112 a
1209 4058 1337 4126 velocity,
1351 4058 1441 4113 which

292 4161 332 4198 we
344 4145 416 4197 have
429 4143 477 4196 the
489 4151 630 4210 strongest
642 4157 742 4195 reason
754 4141 797 4195 ior
808 4141 947 4212 believing
959 4151 988 4196 to
1000 4143 1036 4197 be
1049 4143 1097 4197 the
1110 4159 1187 4197 same
1200 4159 1232 4196 as
1245 4143 1305 4196 that
1315 4142 1346 4196 oi
1355 4142 1442 4211 light!

291 4228 434 4296 Tyndall’s
454 4227 530 4281 Heat
548 4243 565 4278 a
586 4224 672 4279 Mode
690 4224 721 4279 oi
737 4224 856 4293 Mation,
869 4227 919 4293 3rd
933 4226 997 4294 Ed,
1017 4224 1106 4297 §Joh
1142 4226 1204 4281 The
1222 4227 1275 4280 law
1289 4227 1321 4280 oi
1334 4227 1383 4280 the
1402 4225 1443 4280 in·

292 4309 394 4378 tensity
407 4309 439 4364 oi
447 4309 557 4363 radiant
570 4309 635 4364 heat
649 4325 685 4362 on
698 4326 715 4362 a
731 4308 814 4378 given
829 4309 938 4364 suriace
954 4309 978 4363 is
996 4311 1043 4364 the
1060 4327 1139 4364 same
1156 4325 1188 4364 as
1206 4311 1267 4364 that
1280 4311 1310 4364 ol
1325 4309 1442 4364 illumin·

292 4393 377 4458 atlon,
397 4393 459 4448 that
478 4392 501 4447 is
521 4402 550 4447 to
570 4409 628 4461 say,
649 4391 669 4445 it
688 4391 779 4447 varies
802 4391 940 4462 inversely
956 4410 988 4448 as
1008 4394 1055 4448 the
1076 4410 1177 4463 square
1196 4393 1229 4447 oi
1245 4394 1294 4449 the
1316 4393 1443 4449 distance

291 4479 364 4534 from
377 4478 424 4532 the
437 4493 534 4532 source
547 4475 579 4530 oi
588 4475 660 4544 beat,
673 4492 706 4530 as
719 4476 766 4530 the
779 4475 860 4530 other
871 4476 942 4531 from
956 4476 1004 4531 the
1017 4494 1113 4532 source
1126 4477 1159 4532 oi
1167 4477 1245 4547 light.
