3104 5136
346 393 412 462 514
727 383 884 440 novun
903 383 1129 439 occanum.

347 552 379 616 in
395 559 470 616 cute
486 549 656 624 invenitur,
671 549 794 614 habeat
817 548 851 611 in
871 568 907 612 se
927 548 1082 631 spiritum
1104 543 1213 612 simul
1235 553 1276 610 et
1296 543 1458 627 Qunam
1476 552 1516 610 c.-

346 655 524 720 similarem
543 653 741 739 partium⁹⁸3
765 652 855 734 quod
876 673 992 736 parum
1016 652 1104 716 croci
1127 651 1241 714 etiam
1265 650 1417 714 dolium
1437 672 1520 731 aga-2

346 759 458 824 colore
472 759 614 836 inficiat;
637 758 728 840 quod
745 776 862 840 parum
884 756 1006 821 zibethi
1022 766 1080 819 aut
1099 755 1277 820 aromatis
1297 753 1419 836 longe
1436 775 1513 834 rna,⁴

345 872 538 928 contentum
561 863 645 927 aeris
669 864 793 938 odore;
821 862 911 944 quod
934 860 1058 942 exiguo
1084 860 1204 922 suffitu
1230 867 1345 922 tanta
1372 861 1505 920 excitet.

346 969 450 1032 nubes
466 967 567 1044 lumi;
590 968 680 1050 quod
699 985 854 1030 sonorum
876 975 946 1028 tam
967 975 1143 1028 accuratae
1157 963 1411 1038 differentiae,
1426 966 1512 1043 qaia

345 1072 411 1136 sint
426 1091 524 1136 voces
545 1069 746 1147 articulatae,
764 1089 824 1152 per
843 1076 953 1133 aerem
975 1069 1202 1150 undequaque
1223 1067 1425 1141 vehantur,
1439 1083 1512 1148 atq.-

345 1195 404 1258 per
426 1175 587 1240 foramina
614 1185 648 1240 et
670 1194 771 1258 poros
794 1173 894 1237 etiam
916 1171 996 1256 ligni
1019 1181 1053 1235 et
1076 1191 1187 1250 aquae
1211 1167 1314 1254 (licet
1345 1172 1508 1232 admedz:

346 1279 560 1361 extenuatae)
582 1288 766 1361 penetrent,
789 1277 991 1359 quinetiam
1015 1276 1304 1359 repercutiantur,
1334 1275 1447 1356 idque
1463 1290 1508 1336 ta:

345 1385 500 1447 distincte
515 1394 548 1447 et
563 1381 739 1458 velociter;
762 1382 852 1462 quod
874 1381 932 1444 lux
956 1391 990 1445 et
1013 1380 1115 1457 color,
1136 1381 1245 1444 etiarn
1269 1388 1385 1442 tanto
1404 1381 1509 1441 ambs.

346 1498 463 1552 ettam
480 1487 663 1570 perniciter,
679 1505 739 1570 per
753 1504 892 1568 corpora
907 1483 1013 1548 solida
1027 1486 1113 1560 vitri,
1130 1504 1253 1567 aquae,
1271 1493 1312 1547 et
1334 1503 1421 1546 cum
1440 1497 1511 1545 taz:

345 1603 379 1656 et
408 1603 478 1656 tam
507 1590 675 1673 exquisita
701 1591 861 1654 varietate
894 1589 1077 1672 imaginum
1107 1599 1303 1672 permeent,
1342 1589 1451 1650 etiam
1478 1610 1510 1648 rs

345 1695 530 1778 iringantur
544 1707 577 1759 et
589 1693 820 1772 reflectantur;
837 1695 928 1776 quod
945 1714 1081 1776 magnes
1094 1713 1154 1776 per
1164 1713 1320 1776 corpora
1334 1693 1508 1772 omnigma

345 1798 445 1862 etiam
469 1800 616 1862 maxime
638 1809 819 1881 compacta,
842 1808 1015 1881 operetur:
1042 1799 1100 1861 sed
1121 1793 1227 1882 (quod
1256 1799 1382 1879 magis
1407 1798 1506 1858 mim:

344 1897 408 1985 est)
423 1904 513 1984 quod
534 1903 567 1966 in
587 1903 640 1967 his
660 1902 823 1980 omnibus,
842 1902 875 1965 in
895 1902 1006 1966 medio
1024 1901 1208 1984 adiaphoro
1228 1899 1361 1987 (quale
1382 1914 1437 1966 est
1455 1924 1498 1964 at:

346 2005 439 2070 unius
466 2007 553 2071 actio
583 2007 682 2072 aliam
713 2027 779 2070 non
810 2027 1014 2090 magnopere
1043 2007 1223 2090 impediat3
1263 2027 1403 2088 nempe
1434 2011 1506 2089 quo:¹

345 2110 465 2172 eodem
486 2119 638 2195 tempore
659 2131 719 2195 per
738 2112 846 2194 spatia
866 2111 952 2176 aeris
972 2111 1178 2175 devehantur
1196 2121 1230 2174 et
1251 2113 1452 2174 visibilium
1468 2128 1506 2174 te:

345 2213 504 2297 imagines
513 2215 547 2288 ⁹⁹,
566 2223 598 2279 et
615 2216 705 2279 vocis
725 2213 918 2278 articulatae
938 2225 990 2279 tot
1010 2216 1248 2298 percussiones,
1265 2227 1305 2280 et
1323 2227 1383 2280 tot
1401 2217 1506 2279 odores

337 2317 532 2398 specificati,
552 2327 590 2382 ut
611 2317 728 2396 violae,
751 2339 866 2396 rosae3
889 2320 989 2384 etiam
1013 2319 1103 2382 calor
1124 2329 1157 2382 et
1181 2319 1288 2402 frigus
1316 2331 1357 2384 et
1377 2321 1505 2383 virtute

345 2423 568 2504 magneticae;
598 2425 710 2487 omnia
740 2419 903 2506 (inquam)
931 2421 1040 2498 simul,
1072 2443 1137 2486 uno
1167 2421 1317 2486 alterum
1353 2445 1427 2488 non
1455 2427 1502 2487 im·

343 2527 507 2609 pediente,
523 2546 561 2591 ac
581 2527 608 2590 si
629 2527 756 2610 singula
776 2527 936 2592 haberent
951 2528 1022 2590 vias
1043 2538 1075 2591 et
1096 2536 1225 2590 meatus
1249 2547 1337 2592 suos
1358 2532 1503 2612 proprios

344 2641 522 2711 separatos,
539 2652 644 2713 neque
662 2651 764 2695 unum
781 2632 812 2695 in
829 2630 969 2694 alterum
987 2631 1182 2712 impingeret
1198 2641 1257 2694 aut
1274 2632 1474 2697 incurreret

388 2732 542 2798 Solemus
566 2745 677 2798 tamen
706 2733 832 2798 utiliter
852 2733 1043 2816 hujusmodi
1070 2734 1240 2798 instantiis
1255 2740 1501 2816 persecantibru

344 2837 544 2921 subjungere
560 2839 742 2914 instantias,
754 2859 838 2920 quas
854 2833 971 2902 Melas
984 2837 1219 2901 Persecaliomk
1233 2839 1416 2921 appellare
1434 2863 1500 2906 con·

343 2943 528 3018 suevimus;
546 2943 648 3007 veluti
661 2943 750 3024 quod
767 2943 800 3004 in
818 2942 865 3017 iis,
877 2961 963 3022 quae
977 2941 1133 3018 diximuS,
1145 2962 1211 3006 una
1221 2944 1314 3006 actio
1327 2945 1362 3007 in
1376 2946 1499 3009 diverso

343 3067 464 3129 genere
479 3047 577 3110 aliam
594 3067 659 3110 non
676 3046 845 3129 perturbet
861 3055 918 3109 aut
934 3045 1101 3127 impediat,
1113 3065 1188 3109 cum
1200 3055 1315 3109 tamen
1335 3049 1370 3112 in
1387 3053 1495 3115 eodem

342 3147 483 3231 genere¹
502 3170 566 3213 una
581 3149 678 3213 aliam
694 3151 811 3214 domet
827 3159 860 3212 et
876 3149 1069 3230 extinguat:
1088 3149 1201 3226 veluti,
1212 3148 1273 3213 lux
1289 3151 1385 3230 solis,
1398 3154 1494 3218 lucem

344 3363 390 3415 He
403 3362 533 3416 enclosed
546 3381 564 3416 a
576 3363 641 3430 gold
656 3363 720 3417 wire
734 3363 762 3416 in
780 3379 798 3416 a
816 3362 940 3432 cylinder
957 3361 990 3417 oi
1005 3361 1096 3430 silver,
1109 3361 1185 3416 drew
1196 3363 1275 3416 them
1293 3375 1344 3418 out
1362 3368 1491 3434 together,

342 3448 400 3502 and
412 3449 479 3502 then
493 3449 636 3505 dissolved
648 3468 727 3520 away
739 3451 788 3505 the
800 3450 883 3507 silver
895 3452 933 3520 by
945 3467 1043 3506 means
1055 3450 1086 3506 oi
1095 3467 1182 3504 warm
1199 3450 1306 3506 nitrous
1325 3453 1408 3508 acid'
1444 3457 1489 3508 Mr.

341 3535 420 3590 Ellis'
433 3547 507 3591 note.

377 3617 398 3649 ⁹²
419 3621 472 3674 See
484 3630 549 3675 note
561 3633 594 3690 45
609 3639 645 3675 on
659 3621 685 3675 ii.
699 3636 740 3690 34

376 3705 399 3739 ⁹⁸
417 3709 494 3763 ‘The
506 3709 576 3762 form
589 3709 620 3762 oi
629 3709 664 3764 its
677 3718 753 3779 parts
766 3707 933 3776 dissimilar,’
946 3708 992 3764 ie
1006 3727 1024 3763 a
1035 3707 1130 3764 varied
1143 3709 1341 3780 organisation.

376 3795 399 3828 ⁹⁹
417 3795 487 3851 This
499 3798 637 3866 language
653 3798 735 3851 bears
755 3805 845 3850 traces
863 3795 896 3851 oi
911 3798 958 3851 the
976 3797 1024 3851 old
1043 3797 1177 3864 doctrine,
1191 3796 1339 3867 according
1355 3809 1387 3852 to
1400 3801 1483 3855 which

340 3877 485 3948 ἆπόρῤοιαι,
503 3880 677 3934 emanatione
695 3895 729 3932 or
746 3877 861 3947 images,
877 3897 947 3934 were
965 3880 1075 3934 thrown
1094 3881 1136 3934 oli
1150 3881 1223 3935 irom
1242 3881 1362 3934 outward
1381 3883 1482 3952 objecta

340 3964 397 4018 and
410 3964 554 4033 conveyed
568 3974 597 4017 to
609 3963 656 4017 the
668 3980 741 4032 eyes.
779 3963 841 4017 The
855 3963 975 4031 student,
989 3964 1051 4018 who
1064 3963 1088 4019 is
1102 3964 1251 4018 interested
1270 3963 1297 4018 in
1316 3965 1359 4018 the
1378 3965 1480 4038 history

341 4052 372 4106 ol
381 4051 436 4106 this
450 4051 584 4118 doctrine,
598 4049 651 4104 will
665 4051 722 4105 find
735 4049 755 4104 it
769 4049 879 4105 curious
891 4062 921 4105 to
933 4067 1065 4120 compare
1078 4052 1126 4106 the
1139 4052 1277 4122 language
1289 4052 1429 4122 employed
1445 4055 1479 4124 by

341 4136 438 4190 Bacon
451 4135 480 4190 in
493 4137 540 4190 the
553 4135 639 4202 Sylva
652 4135 807 4203 Sylvarum,
818 4135 904 4203 Exps.
915 4149 930 4188 2
933 4147 947 4204 5
951 4147 1019 4204 5-77
1032 4133 1078 4204 (E.
1088 4136 1146 4190 and
1157 4137 1196 4200 S,
1205 4135 1257 4189 vol.
1268 4134 1294 4189 ii.
1304 4151 1346 4204 pp.
1354 4141 1476 4207 429-33)‚

341 4221 398 4274 and
411 4229 440 4274 to
453 4229 518 4273 note
531 4218 609 4272 there
623 4219 670 4272 the
684 4215 821 4272 intrusion
834 4218 865 4272 oi
882 4217 930 4272 the
950 4233 1044 4273 never
1062 4217 1164 4288 optical
1182 4217 1301 4273 theories
1318 4235 1350 4272 on
1368 4221 1413 4275 the
1431 4225 1475 4278 old

341 4307 466 4400 physica]
479 4306 605 4361 doctrine
616 4304 649 4359 of
656 4304 843 4374 emanatione,
853 4321 885 4360 as
895 4303 1034 4361 inherited
1043 4307 1113 4360 lrorn
1123 4307 1307 4377 Empedocles
1316 4307 1365 4362 and
1375 4308 1472 4366 Demo

340 4399 474 4530 minius
487 4477 684 4546 phenomenon
697 4476 729 4544 is,
743 4475 773 4532 ol
786 4492 892 4546 course,
905 4475 959 4534 due
972 4485 1002 4531 to
1018 4476 1066 4532 the
1082 4475 1139 4532 lact
1153 4477 1222 4546 that,
1235 4476 1314 4532 when
1327 4493 1343 4534 a
1356 4495 1431 4536 sense
1447 4483 1467 4538 is
