3250 5138
639 421 719 478 LlB.
742 421 785 478 II.
807 413 860 493 48.
1264 428 1328 498 539

175 585 330 664 Lucrum,
345 585 413 652 sive
429 587 562 653 Motum
575 585 782 669 [neligentias
790 583 827 650 Ἡ.
868 587 903 650 Is
917 596 976 663 est,
992 605 1164 670 perquem
1181 605 1327 670 corpora,

173 692 308 774 quando
323 703 496 757 versantur
515 691 599 756 inter
619 691 718 774 plane
738 692 961 774 heterogenea
981 700 1015 756 et
1033 691 1126 773 quasi
1147 691 1287 766 inimica,
1302 691 1329 754 si

175 796 259 860 lorte
278 796 507 860 nanciscantur
519 796 652 880 ,copiam
669 804 725 860 aut
741 797 1014 861 commoditatem
1036 795 1180 859 evitandi
1200 794 1256 858 illa
1270 794 1329 858 he·

175 908 353 982 terogenea
376 910 409 964 et
432 920 467 963 se
490 899 678 984 applicandi
701 901 744 964 ad
768 899 873 982 magis
895 909 1047 984 cognata,
1065 896 1156 984 (licet
1179 899 1235 962 illa
1257 899 1329 982 ipsa

174 1013 318 1084 cognata
334 1003 414 1066 talia
430 1003 550 1067 fuerint
565 1024 652 1086 quae
667 1023 733 1067 non
748 1003 891 1067 habeant
904 1012 1030 1068 arctum
1046 1021 1240 1067 consensum
1253 1021 1328 1066 curn

176 1103 268 1192 ipsis)
283 1116 397 1172 tamen
416 1107 529 1173 statim
551 1128 590 1171 ea
612 1107 866 1191 amplectuntur,
882 1115 916 1171 et
932 1117 1090 1189 tanquam
1107 1107 1237 1189 potiora
1259 1126 1328 1169 ma-

175 1210 266 1274 lunt:
290 1220 325 1275 et
344 1211 424 1277 lucri
446 1210 520 1276 loco
543 1208 645 1296 (unde
662 1211 860 1276 vocabulum
883 1207 1099 1297 sumpsimus)
1121 1209 1184 1275 hoc
1207 1230 1329 1294 ponere

173 1315 336 1391 videntur,
354 1325 513 1398 tanquam
531 1317 648 1380 talium
663 1335 838 1400 corporum
856 1315 979 1399 indiga.
1024 1315 1181 1398 Exempli
1204 1313 1328 1397 gratia:

175 1439 300 1495 aurum,
315 1429 372 1484 aut
395 1419 486 1483 aliud
510 1418 681 1484 metallum
702 1421 853 1486 foliatum
876 1439 943 1484 non
963 1417 1147 1484 delectatur
1167 1425 1243 1483 acre
1265 1419 1328 1482 cir-

175 1523 335 1588 cumfuso.
389 1523 508 1605 Itaque
540 1524 567 1588 si
602 1543 719 1607 corpus
753 1522 887 1606 aliquod
922 1522 1081 1605 tangibile
1114 1532 1148 1587 et
1181 1541 1328 1586 crassum

176 1626 382 1690 nanciscatur
411 1623 463 1710 (ut
493 1627 644 1709 digitum,
668 1648 841 1710 papyrum,
870 1627 1000 1709 quidvis
1029 1624 1142 1710 aliud),
1171 1626 1329 1690 adhaeret

175 1731 300 1808 statim,
322 1750 383 1795 nec
408 1729 503 1796 facile
525 1731 688 1796 divellitur
699 1730 736 1796 ⁷⁸.
798 1731 911 1796 Etiam
934 1751 1089 1815 papyrus,
1112 1739 1169 1794 aut
1192 1750 1329 1813 pannus,

175 1845 210 1900 et
231 1833 429 1915 hujusmodi,
450 1855 514 1898 non
536 1835 621 1899 bene
643 1855 678 1898 se
700 1836 823 1900 habent
846 1855 922 1899 cum
946 1843 1021 1898 aere
1043 1835 1100 1917 qui
1124 1835 1274 1898 inseritur
1295 1823 1337 1897 et¹

103 1983 107 1992 -
176 1938 369 2002 commistus
383 1949 433 2003 est
450 1939 482 2001 in
506 1939 651 2023 ipsorum
672 1941 768 2021 poris
816 1940 934 2022 Itaque
949 1958 1069 2021 aquam
1088 1948 1145 2001 aut
1168 1938 1328 2020 liquorem

176 2041 318 2106 libenter
338 2042 509 2116 imbibunt,
526 2053 560 2107 et
581 2049 692 2106 aerem
715 2044 947 2108 exterminant.
992 2043 1105 2107 Etiam
1126 2041 1330 2116 saccharum,

176 2154 234 2210 aut
259 2147 398 2229 spongia
421 2146 526 2210 inlusa
548 2147 581 2209 in
609 2167 730 2230 aquam
756 2158 813 2212 aut
839 2149 962 2224 vinum,
985 2146 1061 2211 licet
1083 2167 1160 2228 pars
1183 2146 1330 2228 ipsorum

176 2249 319 2314 emineat
341 2261 376 2314 et
397 2250 496 2334 longe
518 2250 690 2315 attollatur
711 2272 809 2335 supra
838 2252 951 2315 vinum
976 2260 1033 2315 aut
1063 2271 1194 2332 aquam,
1217 2260 1330 2314 tamen

176 2374 297 2436 aquam
331 2363 389 2418 aut
425 2355 540 2418 vinum
576 2355 737 2439 paulatim
774 2364 807 2419 et
840 2375 899 2438 per
934 2355 1056 2438 gradus
1088 2354 1259 2418 attrahunt
1297 2353 1330 2416 in

177 2478 305 2521 sursum
319 2456 353 2521 ⁷⁹.

222 2561 324 2626 Unde
336 2562 483 2644 optimus
495 2582 600 2627 canon
612 2563 752 2628 sumitur
767 2571 941 2646 aperturae
953 2573 986 2626 et
999 2562 1200 2627 solutionum
1213 2581 1329 2645 corpo·

178 2686 260 2730 rum.
306 2666 417 2730 Missis
432 2667 520 2730 enirn
543 2668 714 2732 corrosivis
736 2677 769 2731 et
786 2667 881 2749 aquis
901 2667 1046 2745 sortibus,
1061 2687 1146 2748 quae
1162 2667 1248 2730 viam
1269 2667 1332 2730 sibi

177 2769 338 2853 aperiunt,
350 2771 377 2833 si
392 2771 497 2852 possit
510 2772 646 2834 inveniri
659 2792 777 2856 corpus
789 2772 1074 2855 proportionatum
1087 2779 1120 2834 et
1136 2771 1243 2854 magis
1255 2790 1331 2834 con·

178 2875 322 2940 sentiens
336 2883 370 2937 et
393 2875 535 2938 amicum
558 2876 686 2959 corpori
706 2874 803 2939 alicui
824 2875 930 2939 solido
946 2895 1046 2958 quam
1065 2873 1146 2938 illud
1167 2894 1242 2938 curn
1263 2894 1332 2956 quo

178 2989 337 3060 tanquam
361 2999 419 3062 per
447 2979 679 3044 necessitatem
702 2981 943 3056 commiscetur,
965 2979 1078 3043 statim
1107 3000 1144 3042 se
1169 2979 1333 3060 aperitet

178 3081 305 3146 relaxat
321 3103 451 3165 corpus,
464 3093 498 3148 et
514 3082 594 3147 illud
611 3083 750 3148 alterum
767 3083 854 3147 intro
866 3083 990 3166 recipit,
1003 3083 1111 3166 priore
1125 3081 1262 3146 excluso
1274 3092 1332 3146 aut

179 3197 347 3250 summoto
359 3184 395 3250 ⁸⁰.
452 3187 570 3270 Neque
585 3197 738 3270 operatur
752 3195 810 3250 aut
826 3197 936 3271 potest
951 3188 1012 3251 iste
1027 3196 1133 3251 motus
1146 3185 1194 3250 ad
1205 3185 1332 3250 lucrum

213 3439 236 3472 π
258 3443 357 3498 Under
376 3443 431 3498 this
450 3444 525 3498 head
551 3446 646 3499 Bacon
672 3461 764 3500 seems
789 3455 818 3500 to
842 3445 952 3499 include
976 3459 1057 3498 cases
1081 3442 1113 3498 ol
1132 3442 1285 3511 Adhesion,
1304 3442 1338 3498 ol

180 3525 321 3595 Capillary
333 3527 499 3596 Attraction,
512 3527 569 3582 and
581 3528 613 3582 ol
624 3528 767 3583 Chemical
780 3528 906 3598 Affinity.
944 3528 994 3581 Dr.
1009 3527 1121 3596 Hippus
1137 3527 1216 3596 gives
1228 3545 1246 3581 a
1258 3527 1333 3596 good

179 3608 306 3665 instance
324 3609 356 3664 os
377 3610 433 3666 this
452 3611 573 3666 ‘motion
598 3611 630 3666 ol
651 3612 827 3682 preference’
846 3612 875 3666 in
899 3612 947 3666 the
972 3627 1037 3666 case
1060 3611 1091 3665 of
1114 3627 1250 3678 mercury,
1269 3609 1333 3665 ‘the

179 3693 288 3748 surlace
307 3692 337 3747 ol
353 3693 444 3749 which
464 3693 491 3749 in
511 3713 528 3750 a
545 3695 622 3764 glass
640 3696 729 3751 bottle
747 3711 867 3766 appears
884 3711 1000 3762 convex,
1019 3694 1110 3762 while,
1128 3693 1157 3747 in
1175 3711 1194 3748 a
1212 3692 1334 3748 metallis

178 3775 278 3844 vessel,
291 3776 312 3832 it
332 3793 452 3848 appears
472 3795 603 3844 concave,
616 3777 645 3833 in
665 3795 856 3848 consequence
875 3779 906 3832 or'
922 3777 959 3833 its
979 3777 1119 3846 tendency
1131 3786 1161 3832 to
1180 3777 1285 3832 adhere
1304 3786 1333 3831 to

179 3859 227 3914 the
240 3859 315 3914 sides
328 3861 360 3914 ol
369 3862 417 3915 the
429 3862 529 3928 vessel,
542 3878 575 3917 as
588 3861 608 3916 it
622 3863 674 3916 has
686 3879 704 3916 a
715 3872 825 3931 greater
837 3861 986 3916 attraction
998 3861 1041 3915 sor
1053 3861 1138 3915 metal
1156 3860 1224 3915 than
1243 3859 1328 3929 glass.

179 3943 243 3998 The
267 3960 403 4013 mercury,
428 3943 457 3999 in
487 3945 552 4012 lact,
577 3945 711 4000 moistens
740 3946 788 4001 the
818 3943 942 4000 metallic
954 3993 958 4003 ,
972 3943 1089 4010 surlace,
1113 3944 1164 3998 but
1191 3943 1259 3997 does
1284 3951 1333 3998 not

179 4026 300 4082 moisten
313 4028 361 4084 the
373 4030 449 4097 glass
463 4029 579 4086 surlace.
616 4029 685 4084 This
698 4030 825 4099 example
838 4029 901 4083 falls
915 4028 1004 4084 under
1015 4027 1064 4082 the
1076 4027 1149 4083 head
1159 4026 1192 4082 ol
1199 4025 1334 4096 capillary

179 4110 366 4181 phenomena.

214 4191 237 4224 '⁸
256 4193 325 4250 This
338 4194 412 4251 isan
425 4195 556 4266 ordinary
569 4195 679 4251 caseos
690 4196 838 4253 adhesion.

214 4273 238 4308 ⁷⁰
255 4279 349 4333 These
367 4295 415 4334 are
433 4279 567 4350 capillary
585 4280 769 4350 phenomena.
806 4281 869 4336 The
887 4277 1015 4349 hostility
1032 4290 1062 4335 to
1080 4278 1129 4348 nir,
1149 4278 1177 4334 in
1195 4277 1233 4333 all
1252 4277 1333 4334 these

179 4362 331 4431 examples,
345 4361 378 4430 is,
391 4362 423 4417 of
432 4379 539 4430 course,
552 4381 571 4417 a
583 4381 659 4419 mere
674 4363 768 4433 fancy.

215 4441 237 4474 '⁰
255 4445 348 4501 These
367 4463 414 4502 are
433 4463 512 4502 cases
534 4447 566 4502 of
586 4446 660 4502 what
679 4465 721 4502 we
740 4447 842 4502 should
859 4445 914 4501 call
933 4445 1079 4501 Chemical
1096 4445 1222 4516 Affinity.
1269 4446 1335 4515 Any

180 4529 292 4584 manual
304 4529 336 4584 of
345 4529 496 4600 chemistry
506 4529 560 4585 will
570 4529 677 4586 lurnish
688 4530 834 4586 abundant
842 4531 984 4601 examples
994 4530 1025 4586 of
1035 4530 1109 4585 what
1120 4531 1217 4586 Bacon
1227 4545 1335 4586 means.
