3342 5152
323 409 388 492 364
693 418 849 474 NOVUM
868 419 1086 474 ORGANUM.

326 599 373 664 19.
399 581 544 660 Ferrum,
564 603 639 647 cum
660 582 766 666 primo
789 581 980 648 dissolvitur
1002 605 1062 667 per
1079 604 1182 666 aquas
1204 585 1307 650 fortes
1327 586 1361 650 in
1381 585 1475 666 vitro,

453 687 553 770 idque
579 689 705 769 absque
728 688 795 751 ulla
822 687 1014 751 admotione
1036 690 1080 751 ad
1104 688 1233 770 ignem:
1265 701 1298 754 et
1321 700 1475 756 stannum

453 790 609 869 similiter,
626 802 688 856 etc.
704 793 763 857 sed
779 812 845 856 non
861 794 947 856 adeo
963 793 1098 856 intense.

325 911 375 956 20.
399 893 576 972 Animalia,
599 897 790 979 praesertim
817 905 850 960 et
874 905 1035 980 perpetuo
1058 917 1117 980 per
1139 896 1312 975 interiora;
1344 898 1420 963 licet
1442 898 1489 962 in.

454 999 585 1064 insectis
612 1000 701 1064 calor
724 1003 768 1065 ob
795 1001 993 1084 parvitatem
1023 1002 1171 1085 corporis
1198 1023 1264 1066 non
1292 1003 1474 1085 deprehen·

453 1104 551 1167 datur
564 1105 607 1169 ad
623 1114 760 1169 tactum.

325 1223 376 1268 21.
400 1207 515 1272 Fimus
538 1209 685 1290 equinus,
706 1220 739 1274 et
762 1208 953 1292 hujusmodi
974 1222 1188 1275 excrementa
1210 1210 1401 1274 animalium
1424 1232 1474 1275 re·

453 1313 568 1376 centia

324 1430 373 1480 22.
399 1413 521 1480 Oleum
538 1416 622 1481 sorte
637 1417 803 1501 sulphuris
819 1427 854 1483 et
869 1416 1028 1482 vitrioli⁰⁶
1042 1418 1219 1500 exequitur
1230 1438 1333 1501 opera
1348 1416 1475 1493 caloris,

453 1520 486 1582 in
502 1521 604 1587 linteo
620 1523 802 1587 adurendo.

325 1641 375 1709 23.
399 1623 521 1690 Oleum
544 1627 678 1710 origani,
699 1636 732 1691 et
755 1627 956 1709 hujusmodi,
976 1627 1153 1709 exequitur
1176 1645 1277 1708 opera
1300 1626 1418 1690 caloris
1441 1626 1474 1688 in

452 1728 630 1792 adurendis
645 1729 774 1793 ossibus
790 1730 948 1794 dentium.

324 1849 372 1908 24.
398 1829 540 1913 Spiritus
561 1833 627 1895 vini
654 1833 746 1898 sortis
773 1844 807 1897 et
832 1834 917 1896 bene
943 1831 1141 1898 rectificatus
1171 1833 1348 1914 exequitur
1372 1853 1474 1916 opera

452 1936 586 2014 caloris3
610 1938 694 2001 adeo
710 1947 746 2002 ut
769 1938 796 2001 si
816 1937 971 2001 albumen
992 1938 1045 2001 ovi
1065 1937 1098 2000 in
1114 1957 1189 2000 eum
1208 1937 1379 2018 injiciatur,
1395 1957 1473 2000 con-

451 2050 577 2106 crescat
602 2051 636 2106 et
666 2040 819 2118 albescat,
845 2041 912 2105 sere
941 2041 975 2106 in
1002 2041 1140 2104 modum
1167 2039 1342 2104 albuminis
1368 2041 1472 2116 cocti;

451 2145 547 2227 panis
568 2144 706 2227 injectus
722 2144 871 2210 torrefiat
890 2155 923 2210 et
940 2145 1146 2221 incrustetur,
1161 2145 1204 2207 ad
1224 2145 1361 2208 modum
1378 2144 1473 2228 panis

452 2249 531 2312 tosti
542 2247 579 2312 ⁰⁷.

323 2363 372 2432 25
396 2351 569 2431 Aromata,
585 2364 618 2418 et
636 2353 759 2418 herbae
781 2354 917 2432 calidae,
933 2362 969 2418 ut
989 2354 1210 2418 dracunculus
1218 2351 1254 2430 ⁶⁸,
1275 2351 1471 2417 nasturtium

450 2469 554 2534 vetus,
569 2470 628 2522 etc.
646 2460 722 2523 licet
741 2460 783 2522 ad
804 2478 938 2522 manum
957 2477 1023 2521 non
1042 2458 1107 2522 sint
1121 2457 1229 2522 calida
1245 2453 1320 2542 (nec
1335 2456 1470 2538 integra,

451 2581 511 2625 nec
537 2561 688 2644 pulveres
717 2559 855 2649 eorum),
878 2571 990 2626 tamen
1016 2563 1059 2626 ad
1091 2562 1236 2644 linguam
1263 2569 1298 2625 et
1322 2558 1470 2644 palatum

450 2686 565 2748 parum
600 2667 775 2732 masticata
805 2667 1030 2750 percipiuntur
1061 2664 1176 2743 calida,
1204 2675 1237 2729 et
1266 2663 1360 2747 quasi
1389 2663 1471 2727 adu·

451 2771 566 2834 rentia.

322 2872 373 2934 26.
397 2873 543 2938 Acetum
568 2874 661 2949 sorte,
689 2887 723 2940 et
752 2875 864 2940 omnia
889 2874 993 2952 acida,
1018 2875 1050 2938 in
1078 2875 1228 2938 membro
1256 2873 1312 2936 ubi
1339 2893 1405 2936 non
1431 2871 1472 2936 sit

451 2978 636 3060 epidermis,
662 2988 698 3043 ut
728 2979 760 3042 in
788 2978 894 3056 oculo,
920 2980 1040 3062 lingua,
1063 2988 1122 3041 aut
1148 2978 1259 3059 aliqua
1286 2977 1351 3039 alia
1377 2985 1472 3059 parte

449 3083 630 3157 vulnerata,
645 3093 679 3146 et
702 3093 778 3147 cute
800 3085 941 3161 detecta,
961 3083 1110 3146 dolorem
1133 3083 1228 3159 cient,
1244 3101 1312 3172 non
1331 3080 1470 3144 multum

450 3187 690 3270 discrepantem
707 3188 750 3250 ab
766 3208 816 3261 eo,
832 3188 888 3270 qui
904 3187 1069 3251 inducitur
1084 3207 1105 3250 a
1118 3184 1235 3250 calido.

355 3353 376 3386 ⁶⁶
395 3356 465 3410 This
483 3357 506 3411 is
526 3358 663 3427 probably
674 3376 710 3412 an
729 3358 856 3413 instance
868 3357 899 3412 oi
912 3357 960 3413 the
977 3356 1170 3427 grammatical
1188 3355 1283 3425 figure,
1297 3352 1324 3408 ἓν
1336 3354 1379 3408 dul
1392 3353 1472 3420 δυοῖν,

321 3440 460 3510 meaning,
473 3457 505 3495 as
519 3443 570 3495 Dr.
579 3441 695 3496 Kitchin
709 3451 848 3511 suggests,
862 3441 1012 3512 Sulphuric
1023 3439 1105 3495 Acid.

356 3524 396 3577 Oi
406 3524 454 3578 the
467 3525 633 3580 substances
646 3525 758 3580 alluded
772 3535 801 3580 to
815 3526 843 3579 in
853 3525 909 3579 this
919 3525 977 3578 and
987 3541 1065 3579 some
1075 3524 1105 3578 of
1114 3524 1163 3576 the
1172 3520 1312 3591 following
1320 3521 1471 3592 examples,

320 3605 365 3661 Sir
376 3607 451 3677 John
467 3609 604 3663 Herscbel
619 3609 784 3676 (Discourse
796 3627 833 3663 on
844 3610 893 3663 the
906 3608 997 3677 Study
1008 3608 1041 3661 ol
1050 3607 1169 3662 Natural
1183 3605 1364 3675 Philosophy,
1378 3602 1392 3674 §
1407 3609 1470 3674 345)

320 3692 445 3745 remarks
463 3693 524 3746 that
542 3693 610 3761 they
622 3692 725 3747 ‘excite
743 3691 772 3746 in
790 3711 841 3748 our
859 3709 970 3762 organs‚
982 3692 1038 3745 and
1057 3689 1206 3760 especially
1218 3690 1246 3744 in
1265 3690 1325 3743 that
1342 3687 1375 3742 ol
1389 3697 1472 3754 taste‚

319 3791 337 3828 a
355 3774 498 3828 sensation
517 3775 550 3828 ol
564 3775 629 3829 heat
643 3776 734 3830 which
752 3777 819 3846 they
831 3793 891 3830 owe
908 3785 938 3830 to
956 3775 1031 3830 their
1048 3774 1133 3844 being
1150 3773 1286 3828 chemical
1303 3772 1470 3838 stimulants,

319 3857 378 3911 and
390 3868 437 3912 not
450 3869 479 3912 at
492 3859 528 3913 all
542 3867 571 3914 to
585 3859 658 3914 their
669 3860 753 3929 being
765 3862 886 3930 actually
898 3859 966 3914 hot!

355 3939 376 3971 ⁶²
394 3943 457 3996 The
469 3944 553 3997 latter
564 3942 769 4013 phenomenon,
785 3946 839 3998 Mr.
850 3943 920 3998 Ellis
934 3943 1069 4008 remarks,
1080 3941 1180 3996 ‘arises
1194 3940 1330 4010 probably
1338 3938 1409 3994 from
1422 3939 1471 3993 the

320 4025 488 4081 desiccative
501 4043 595 4097 power
607 4027 662 4081 due
675 4037 704 4080 to
717 4027 764 4082 the
778 4038 874 4096 strong
886 4025 994 4095 affinity
1006 4026 1038 4080 of
1047 4025 1156 4080 alcohol
1168 4024 1212 4078 lor
1223 4023 1324 4078 water.¹

355 4109 376 4139 ⁸⁸
395 4111 628 4178 ‘Dragon-wort.'
667 4111 692 4164 lt
715 4127 770 4164 was
792 4127 825 4164 so
846 4109 944 4174 called,
964 4109 1083 4164 because
1105 4107 1125 4163 it
1146 4125 1203 4162 was
1225 4105 1366 4176 supposed
1387 4115 1417 4159 to
1435 4105 1471 4160 be

319 4192 473 4247 obnoxious
485 4204 515 4247 to
528 4201 664 4262 serpents,
676 4193 733 4246 and
745 4193 804 4247 also
818 4202 847 4246 to
861 4193 896 4246 be
908 4190 1067 4247 efficacious
1083 4191 1195 4261 against
1214 4190 1286 4244 their
1298 4189 1379 4244 bites.
1416 4191 1471 4244 See

321 4275 408 4345 Pliny,
423 4278 489 4330 Nat.
504 4276 580 4330 Hist.
592 4275 663 4330 xxiv.
674 4287 755 4330 sects.
769 4289 898 4346 142-150,
911 4278 970 4330 chs.
979 4290 1075 4344 91-93.
1116 4277 1148 4329 ln
1161 4274 1280 4345 quoting
1293 4291 1326 4328 or
1337 4272 1471 4342 referring

319 4371 348 4414 to
368 4358 471 4429 Pliny's
486 4360 605 4414 Natural
624 4360 775 4428 History‚l
795 4360 867 4414 shall
885 4360 998 4430 employ
1010 4361 1058 4414 the
1072 4360 1202 4414 Teubner
1219 4358 1326 4412 edition
1344 4357 1375 4411 oi
1394 4359 1471 4426 1857,

318 4443 376 4498 and
394 4443 466 4497 refer
483 4443 551 4497 both
571 4453 600 4496 to
618 4443 665 4498 the
684 4443 806 4498 sections
821 4444 879 4497 and
897 4452 926 4498 to
943 4443 992 4497 the
1009 4445 1139 4513 chapters
1156 4459 1188 4496 as
1205 4441 1361 4496 numbered
1373 4440 1469 4495 within

320 4527 459 4582 brackets.
