3104 5136
341 407 403 474 512
719 405 874 461 NOVUM
894 405 1117 462 ORGANUM.

339 564 486 646 quiratur
500 563 542 628 de
558 563 698 628 Mistura
718 563 909 648 Spirituum,
926 565 983 649 qui
1002 575 1081 630 sunt
1103 583 1263 648 corpora
1288 565 1495 628 non-visibi
1505 595 1511 598 ·

338 668 468 732 videtur
489 689 562 732 esse
585 669 739 752 cognatio
759 671 921 752 quaedam
944 671 1030 734 inter
1051 691 1202 752 corpora
1226 677 1269 730 et
1295 667 1452 732 fomites
1472 675 1519 735 εἴη.

339 771 495 836 alimenta
514 793 583 836 sua
629 773 750 836 Fomes
769 783 882 837 autern
905 772 1058 838 flammae
1076 775 1220 837 videtur
1245 793 1333 835 esse
1363 771 1479 836 oleum
1495 799 1517 838 e·

339 875 492 958 pinguia;
514 876 608 952 aeris,
623 897 709 960 aqua
727 887 761 942 et
779 897 903 960 aquea:
929 877 1085 942 flammae
1105 879 1201 940 enim
1226 873 1515 958 multiplicante

338 998 436 1060 super
447 979 569 1044 halitus
581 980 654 1054 olei,
664 987 720 1044 aer
733 1002 832 1064 super
842 1003 980 1064 vapores
990 1003 1098 1064 aquae
1107 979 1144 1044 ⁹².
1177 980 1411 1044 Videndum
1424 981 1514 1064 itaq:

338 1084 381 1146 de
397 1083 533 1147 mistura
548 1105 655 1167 aquae
670 1095 705 1149 et
716 1084 789 1160 olei,
802 1105 886 1167 quae
901 1105 937 1148 se
953 1085 1142 1149 manifestat
1154 1085 1204 1149 ad
1222 1105 1387 1148 sensum
1400 1107 1410 1157 ;
1431 1107 1512 1168 qna·-

338 1187 518 1270 doquidem
535 1189 672 1252 mistura
687 1189 771 1252 aeris
787 1200 820 1253 et
836 1187 978 1252 flammei
993 1190 1124 1273 generis
1139 1189 1259 1271 fugiat
1276 1209 1447 1252 sensum.
1478 1193 1510 1252 A:

339 1290 450 1355 oleum
475 1303 510 1356 et
533 1313 619 1374 aqua
645 1293 729 1356 inter
749 1313 785 1356 se
810 1313 868 1374 per
891 1294 1167 1376 compositionem
1198 1303 1266 1357 aut
1292 1294 1507 1376 agitatione:

340 1395 529 1477 imperfecte
544 1395 725 1459 admodum
742 1397 936 1461 miscentur:
956 1398 1073 1460 eadem
1090 1398 1124 1461 in
1139 1397 1275 1472 herbis,
1288 1409 1330 1461 et
1352 1401 1508 1481 sanguia
1537 1481 1538 1487 ἵ

339 1509 373 1564 et
389 1500 535 1584 partibus
552 1500 753 1578 animalium,
769 1512 919 1565 accurate
933 1513 967 1564 et
982 1499 1123 1566 delicate
1138 1503 1355 1566 miscentur.
1412 1502 1507 1584 fraqi.

339 1602 445 1667 simile
467 1604 627 1685 quiddam
652 1603 721 1666 fieri
744 1605 848 1686 possit
870 1606 956 1670 circa
980 1606 1152 1669 misturam
1178 1605 1350 1668 flammei
1384 1619 1420 1668 et
1443 1617 1501 1668 aere

338 1707 467 1790 generis
483 1709 514 1771 in
530 1707 730 1790 spiritalibus
740 1709 784 1772 ⁹³:
804 1730 890 1792 quae
905 1729 964 1793 per
978 1707 1208 1773 confusionem
1225 1709 1443 1791 simplicem
1460 1733 1506 1772 ns:

339 1812 423 1875 bene
437 1813 599 1875 sustinent
616 1813 796 1889 misturam,
809 1815 926 1876 eadem
937 1825 1050 1878 tamen
1068 1813 1101 1875 in
1117 1815 1302 1896 spiritibus
1321 1813 1505 1896 plantam:

339 1924 373 1980 ct
388 1916 580 1979 animalium
600 1917 727 1980 misceri
743 1917 912 1992 videntur;
933 1919 1123 1999 praesertim
1141 1939 1219 1981 cum
1237 1919 1369 1980 omnis
1390 1919 1505 2000 spiritns

338 2019 501 2082 animatus
516 2021 673 2102 depascat
688 2020 824 2083 humida
840 2031 987 2104 utraque,
1001 2042 1108 2102 aquea
1123 2032 1158 2086 et
1173 2022 1344 2104 pinguia,
1358 2031 1503 2102 tanquan
1539 2013 1540 2020 ἵ

338 2123 469 2186 fomites
484 2145 569 2186 suos.

383 2225 540 2290 Similiter
551 2227 578 2290 si
594 2249 660 2292 non
673 2229 714 2291 de
727 2227 976 2311 perfectioribus
994 2227 1139 2292 misturis
1153 2229 1387 2310 spiritalium,
1402 2232 1460 2294 sed
1473 2233 1504 2293 de

338 2331 575 2412 compositione
593 2341 723 2396 tanturn
743 2333 946 2414 inquiratur3
970 2353 1100 2417 nempe,
1116 2342 1227 2395 utrum
1246 2333 1360 2398 facile
1378 2336 1466 2398 inter
1477 2355 1503 2397 se

340 2436 593 2516 incorporentur,
614 2455 655 2498 an
676 2437 786 2519 potius
810 2436 969 2520 (exempli
993 2435 1113 2521 gratia)
1135 2437 1202 2500 sint
1224 2437 1342 2520 aliqui
1365 2439 1458 2502 venti
1477 2453 1503 2500 e:
1539 2467 1540 2470 ¹

339 2538 575 2612 exhalationes,
597 2548 655 2602 aut
678 2539 741 2602 alia
763 2561 901 2623 corpora
923 2540 1092 2623 spiritalia,
1113 2561 1199 2623 quae
1222 2561 1297 2604 non
1325 2543 1502 2606 miscentur

338 2664 414 2707 cum
439 2649 514 2707 aere
538 2644 713 2718 communi,
736 2645 794 2708 sed
819 2653 948 2708 tantum
971 2644 1107 2709 haerent
1131 2654 1163 2708 et
1188 2654 1315 2709 natant
1343 2648 1380 2710 in
1404 2668 1455 2721 eo,
1475 2649 1502 2708 in

338 2747 481 2832 globulis
504 2757 536 2811 et
558 2749 669 2830 guttis,
690 2759 723 2812 et
747 2750 857 2832 potius
880 2750 1074 2832 franguntur
1093 2769 1132 2814 ac
1154 2750 1446 2814 comminuuntur
1466 2753 1501 2813 ab

337 2859 413 2916 ae're
428 2873 529 2936 quam
550 2852 583 2914 in
605 2853 711 2933 ipsum
729 2853 928 2936 recipiuntur
943 2863 976 2916 et
992 2854 1261 2936 incorporantur:
1287 2853 1361 2918 hoc
1379 2855 1414 2918 in
1431 2864 1499 2919 aere

339 2956 506 3020 communi
523 2966 556 3020 et
568 2955 641 3019 aliis
655 2955 863 3038 spiritalibus,
876 2956 920 3020 ob
935 2955 1153 3021 subtilitatem
1167 2977 1366 3038 corporum,
1379 2961 1499 3044 percipi

338 3063 381 3124 ad
406 3081 539 3124 sensum
563 3080 629 3122 non
654 3069 783 3142 potest;
814 3070 962 3124 attamen
987 3059 1097 3144 imago
1122 3063 1289 3143 quaedam
1318 3063 1426 3146 hujus
1451 3067 1495 3138 rei,
1539 3079 1540 3110 l

339 3173 504 3246 quatenus
528 3163 594 3239 fiat,
620 3163 749 3246 concipi
774 3165 877 3247 possit
900 3165 933 3228 in
961 3164 1140 3248 liquoribus
1166 3167 1296 3248 argenti
1321 3169 1403 3242 vivi,
1428 3169 1493 3230 olei.

338 3366 395 3420 and
409 3367 514 3420 Sound.
553 3369 606 3422 Mr.
621 3367 690 3422 Ellis
704 3383 786 3436 says:
806 3368 814 3396 ⁴
822 3368 868 3420 Du
883 3367 949 3421 Bois
963 3367 1135 3436 Raymond¹s
1149 3367 1324 3422 Researches
1339 3367 1368 3422 in
1378 3370 1487 3422 Animal

340 3452 503 3522 Electricity
512 3453 574 3522 give
587 3473 604 3509 a
616 3456 691 3524 good
700 3455 828 3524 example
838 3455 869 3506 of
878 3454 933 3509 this
944 3453 1131 3522 substitution.
1170 3457 1216 3510 He
1226 3457 1407 3510 constructed
1417 3459 1485 3510 what

338 3557 404 3610 may
415 3542 450 3596 be
464 3542 551 3596 called
564 3558 601 3596 an
614 3543 752 3598 electrical
765 3542 857 3597 model
870 3542 927 3596 ofa
940 3541 1054 3609 munde,
1064 3543 1121 3596 and
1134 3543 1290 3596 succeeded
1302 3542 1330 3596 in
1343 3545 1484 3613 obtaining

337 3645 375 3683 an
384 3629 548 3685 illustration
559 3641 606 3684 not
616 3632 681 3700 only
688 3631 719 3684 of
726 3629 769 3684 his
778 3629 969 3684 fundamental
977 3631 1070 3696 result,
1080 3630 1191 3698 namely
1199 3631 1261 3684 that
1268 3646 1321 3697 any
1329 3641 1482 3686 transverse

338 3715 480 3772 sectionis
499 3716 629 3786 negative
642 3717 708 3771 with
726 3727 834 3788 respect
853 3726 881 3772 to
900 3735 956 3786 any
968 3717 1151 3786 longitudinal
1170 3732 1233 3784 one,
1247 3717 1295 3771 but
1312 3718 1369 3772 also
1388 3720 1423 3773 of
1436 3721 1482 3773 the

338 3823 415 3860 more
433 3805 619 3875 complicated
638 3805 768 3860 relations
787 3806 911 3860 between
930 3815 985 3860 two
1003 3805 1132 3862 different
1150 3804 1276 3875 portions
1292 3804 1320 3858 of
1338 3805 1384 3859 the
1403 3823 1479 3862 same

339 3895 461 3950 section'

374 3985 435 4039 The
454 3983 556 4038 former
576 3981 607 4035 of
628 3981 746 4035 Bacon's
772 3979 961 4048 illustrations,
982 3979 1045 4036 itis
1069 3981 1197 4036 needless
1222 3990 1253 4035 to
1271 3996 1323 4048 say,
1341 3978 1363 4034 is
1381 3985 1475 4051 purely

339 4069 460 4124 fanciful.
504 4072 567 4125 The
585 4070 713 4139 analogy,
732 4067 761 4122 in
781 4069 828 4124 the
846 4069 953 4124 second
971 4085 1045 4138 case,
1064 4068 1248 4138 corresponds
1273 4077 1356 4137 pretty
1370 4071 1472 4139 closely

339 4155 405 4209 w'h

364 4167 396 4276 ξ’
415 4158 552 4315 Sfbbtsllph
571 4245 605 4311 48
626 4243 693 4314 (11),
712 4246 770 4301 and
788 4245 835 4300 the
853 4253 918 4301 note
936 4261 1011 4316 upon
1029 4245 1078 4300 the
1096 4243 1209 4314 parallel
1228 4257 1338 4314 passage
1360 4242 1386 4296 in
1410 4245 1467 4300 that

339 4333 477 4475 {llige-The
490 4418 618 4490 ‘spiritus
631 4420 740 4489 vitalis,'
750 4421 770 4476 it
781 4420 833 4476 will
845 4421 881 4476 be
893 4420 1068 4486 recollected,
1079 4437 1136 4475 was
1148 4417 1285 4488 regarded
1298 4419 1328 4488 by
1336 4420 1420 4475 Bacon
1431 4439 1462 4477 as

339 4507 490 4580 composed
502 4507 535 4562 of
543 4508 585 4563 air
597 4509 653 4564 and
665 4508 757 4566 flante.
