3358 5152
647 399 727 454 ΜΒ.
751 398 777 457 Ι.
805 389 985 476 128—129.
1328 406 1391 480 335

242 565 381 630 aliorum
409 563 568 630 industria
594 565 741 630 acuenda
766 565 809 630 sit
835 576 869 630 et
895 566 995 629 animi
1021 565 1188 630 excitandi
1214 574 1314 648 atque
1339 585 1393 628 ac·

243 669 413 748 tendendi,
425 679 679 735 consentaneum
695 679 745 734 est
761 680 799 735 ut
813 670 977 754 quaedam
991 669 1182 734 hominibus
1200 670 1233 733 in
1249 677 1391 734 mentem

244 775 441 858 redigamus.

288 877 399 942 Primo
413 878 536 960 itaque,
547 879 678 943 videtur
693 877 900 944 inventorum
916 878 1074 943 nobilium
1094 878 1294 944 introductio
1309 877 1394 942 inter

244 982 389 1047 actiones
404 981 565 1047 humanas
581 981 679 1066 longe
694 983 817 1066 primas
832 993 941 1067 partes
953 993 1083 1048 tenere:
1107 982 1140 1045 id
1155 983 1246 1066 quod
1258 981 1394 1066 antiqua

243 1083 373 1150 saecula
399 1085 639 1167 judicaverunt.
685 1086 736 1150 Ea
765 1086 852 1150 enim
878 1107 986 1151 rerum
1014 1085 1238 1151 inventoribus
1265 1085 1393 1150 divinos

242 1189 385 1253 honores
409 1189 593 1253 tribuerunt
603 1189 648 1268 ⁶⁷3
676 1189 715 1254 iis
737 1201 849 1255 autem
870 1191 926 1274 qui
947 1191 981 1254 in
1004 1191 1102 1255 rebus
1120 1189 1270 1255 civilibus
1290 1209 1393 1254 mere·

244 1295 365 1358 bantur
386 1291 514 1379 (quales
535 1304 628 1358 erant
647 1294 777 1358 urbium
796 1303 830 1358 et
850 1294 1061 1378 imperiorum
1080 1295 1277 1371 conditores,
1297 1292 1393 1376 legis·

244 1397 376 1468 latores,
401 1397 580 1481 patriarum
604 1419 625 1461 a
649 1398 812 1462 diuturnis
837 1397 932 1463 malis
955 1398 1156 1474 liberatores,
1181 1397 1392 1481 tyrannidum

244 1499 472 1579 debellatores,
499 1510 534 1565 et
558 1501 610 1566 his
638 1497 774 1588 similes)
797 1500 937 1567 heroum
962 1510 1092 1567 tanturn
1115 1502 1257 1566 honores
1282 1502 1395 1565 decre-

243 1615 370 1670 verunt.
415 1604 531 1687 Atque
557 1616 646 1670 certe
672 1605 700 1670 si
724 1605 797 1688 quis
823 1627 863 1671 ea
888 1615 976 1671 recte
1002 1604 1156 1683 conferat,
1178 1605 1306 1688 justum
1329 1604 1393 1669 hoc

243 1709 341 1792 prisci
355 1708 476 1774 saeculi
488 1707 649 1791 judicium
665 1709 817 1794 reperiet.
863 1709 996 1775 Etenim
1013 1709 1220 1774 inventorum
1236 1709 1395 1775 beneficia

244 1814 287 1877 ad
315 1813 503 1876 universum
529 1833 633 1896 genus
658 1813 840 1878 humanum
867 1813 1032 1898 pertinere
1053 1823 1200 1897 possunt,
1221 1812 1329 1878 civilia
1350 1814 1393 1878 ad

243 1926 349 1982 certas
374 1916 608 1981 tantummodo
636 1917 808 1982 hominum
834 1919 949 1982 sedes:
982 1917 1065 1981 haec
1090 1918 1190 1982 etiam
1217 1937 1283 1982 non
1308 1916 1394 1981 ultra

243 2040 364 2104 paucas
378 2029 505 2085 aetates
521 2021 649 2099 durant,
665 2021 721 2084 illa
738 2021 830 2104 quasi
846 2022 1015 2106 perpetuis
1031 2021 1244 2105 temporibus.
1279 2019 1395 2105 Atque

243 2134 350 2190 status
376 2123 563 2188 emendatio
591 2125 624 2188 in
654 2123 803 2190 civilibus
835 2145 901 2192 non
931 2127 1001 2190 sine
1027 2125 1059 2188 vi
1087 2135 1122 2190 et
1146 2125 1394 2210 'perturbatione

244 2229 438 2314 plerumque
454 2227 623 2312 procedit:
647 2238 682 2293 at
696 2229 829 2295 inventa
846 2231 957 2306 beant,
974 2240 1008 2294 et
1027 2228 1222 2294 beneficium
1242 2229 1394 2294 deferunt

243 2333 368 2414 absque
381 2330 518 2414 alicujus
535 2331 651 2414 injuria
665 2343 722 2398 aut
738 2333 880 2399 tristitia.

288 2435 400 2501 Etiam
427 2435 560 2500 inventa
585 2437 679 2519 quasi
706 2457 812 2502 novae
835 2437 1018 2502 creationes
1045 2444 1130 2513 sunt,
1154 2445 1187 2500 et
1209 2436 1393 2501 divinorum

244 2560 380 2624 operum
397 2539 623 2616 imitamenta3
647 2549 684 2604 ut
699 2540 783 2604 bene
799 2541 917 2607 cecinit
936 2541 1010 2605 ille:

384 2667 525 2722 ‘Primum
543 2667 688 2738 frugiferos
705 2669 796 2724 foetus
815 2669 980 2725 mortalibus
998 2669 1091 2739 aegris

404 2751 574 2807 Dididerant
593 2753 737 2822 quondam
756 2753 908 2823 praestanti
927 2752 1041 2807 nomine
1059 2753 1188 2807 Athenae
1203 2771 1210 2818 ;

404 2835 441 2889 Et
460 2837 722 2891 RucRnnvERtJN‘r
739 2836 836 2904 vitam,
854 2837 986 2907 legesque
1003 2845 1137 2906 rogarunt
1147 2833 1187 2890 ⁸⁸!

278 3005 301 3038 ⁸³
320 3009 372 3079 Cp.
392 3009 437 3064 De
449 3009 625 3079 Augmentis,
638 3009 685 3065 lib.
702 3010 720 3078 i,
740 3012 774 3066 E.
791 3011 849 3066 and
867 3012 906 3078 S.,
918 3012 972 3066 vol.
990 3010 1007 3065 i.
1027 3028 1053 3081 p.
1072 3023 1141 3079 470:
1161 3009 1289 3081 ‘Quippe
1309 3027 1394 3082 supra

243 3092 382 3146 humanos
405 3092 534 3158 honores,
555 3091 658 3148 heroici
683 3095 901 3149 numerabantur
924 3104 951 3149 et
976 3093 1083 3160 divini;
1109 3094 1138 3148 in
1163 3110 1280 3164 quomm
1299 3093 1394 3149 distri-

243 3174 356 3230 butione
381 3175 454 3229 hune
478 3174 603 3231 ordinem
628 3186 743 3232 tenuere
766 3187 882 3232 veteres.
918 3177 1199 3249 Rerumpublicarum
1225 3177 1393 3246 conditores,

244 3258 425 3326 legislatores,
438 3257 637 3326 tyrannicidae,
650 3270 745 3330 patres
756 3261 871 3331 patriae,
884 3258 987 3331 quique
1000 3261 1028 3316 in
1045 3261 1128 3316 rebus
1146 3259 1274 3316 civilibus
1288 3261 1393 3332 optime

244 3351 411 3409 meruerunt,
424 3341 547 3412 insigniti
561 3352 627 3397 sunt
638 3342 719 3398 titulo
733 3345 860 3398 Heroum
872 3352 990 3411 tantum,
1003 3354 1051 3399 aut
1064 3343 1276 3412 Semideorum;
1296 3347 1394 3415 quales

244 3423 320 3479 fuere
340 3425 476 3492 Theseus,
497 3424 600 3492 Minos,
620 3425 764 3494 Romulus,
784 3427 932 3497 ceterique.
969 3429 1013 3482 Ex
1030 3428 1119 3483 altera
1136 3437 1216 3497 parte
1237 3426 1394 3484 inventores

244 3518 272 3563 et
288 3507 418 3564 authores
434 3523 570 3563 novarum
589 3509 699 3576 artium,
712 3509 816 3581 quique
831 3509 918 3565 vitam
931 3510 1084 3566 humanam
1096 3511 1176 3565 novis
1193 3511 1350 3568 commodis
1366 3523 1393 3567 et

245 3589 452 3647 accessionibus
465 3591 606 3660 dotarunt,
618 3609 731 3662 semper
742 3593 898 3648 consecrati
911 3604 975 3649 sunt
985 3592 1056 3649 inter
1069 3595 1148 3649 Deos
1161 3594 1237 3664 ipsos
1251 3595 1394 3665 Majores;

245 3675 320 3745 quod
342 3672 446 3741 Cereri,
466 3675 588 3743 Baccho,
607 3675 754 3744 Mercurio,
775 3676 907 3747 Apollini,
928 3687 956 3733 et
975 3677 1038 3733 aliis
1057 3677 1179 3746 contigit.
1217 3678 1301 3750 Quod
1319 3689 1394 3734 certe

242 3757 304 3827 jure
325 3766 353 3813 et
375 3775 445 3812 sano
463 3775 528 3813 curn
545 3756 650 3828 judicio
671 3760 838 3815 factumest
887 3761 963 3814 Nam
982 3761 1106 3830 priorum
1125 3761 1297 3819 benemerita
1320 3761 1395 3818 intra

245 3840 327 3896 unius
346 3840 446 3896 aetatis
465 3851 512 3897 aut
533 3841 658 3897 nationis
681 3841 783 3898 limites
802 3843 862 3898 fere
886 3849 1070 3910 coercentur3
1097 3862 1150 3900 nec
1170 3845 1310 3901 absimilia
1329 3857 1394 3902 sunt

246 3924 381 3980 imbribus
397 3923 571 3995 tempestivis
589 3935 618 3980 et
633 3925 771 3996 benignis,
787 3926 834 3998 qui
854 3928 982 3998 quamvis
999 3928 1122 3998 frugiferi
1138 3928 1193 3984 sint
1211 3939 1296 4000 atque
1314 3940 1394 4000 opta-

245 4007 325 4075 biles,
343 4018 438 4063 tamen
456 4025 508 4078 pro
524 4007 572 4063 illa
591 4018 754 4080 tempestate
770 4020 879 4067 tantum
896 4027 953 4082 qua
972 4010 1114 4079 decidunt,
1130 4021 1213 4082 atque
1228 4029 1279 4082 pro
1294 4013 1393 4083 ampli-

245 4090 340 4147 tudine
350 4100 453 4146 tractus
466 4101 556 4147 terrae
569 4107 653 4162 quam
661 4092 784 4162 irrigant,
797 4094 878 4150 utiles
887 4104 967 4162 sunt3
981 4093 1165 4165 posteriorum
1174 4112 1242 4150 vero
1248 4096 1393 4166 beneficia,

245 4185 275 4230 ut
292 4175 380 4245 ipsius
402 4175 468 4231 solis
486 4186 515 4231 et
534 4175 695 4231 coelestium
711 4193 836 4245 munera,
853 4178 1025 4248 temporibus
1042 4189 1183 4249 perpetua,
1198 4179 1267 4234 locis
1286 4178 1394 4235 infinita

246 4268 319 4314 sunt
357 4258 408 4312 Illa
432 4275 527 4314 rursus
552 4276 615 4314 cum
638 4260 815 4316 contentione
835 4271 863 4316 et
883 4260 1090 4332 perturbatione
1108 4272 1138 4317 ut
1160 4262 1310 4332 plurimum
1328 4280 1393 4318 con·

242 4341 341 4411 juncta
365 4351 463 4410 sunt3*
478 4343 549 4398 haec
575 4343 680 4398 habent
710 4361 805 4398 verum
836 4344 1026 4401 characterem
1053 4344 1174 4402 Divinae
1205 4347 1394 4414 Praesentiae,

245 4425 416 4496 veniuntque
435 4425 464 4480 in
482 4443 557 4480 arara
575 4427 640 4494 leni,
658 4426 764 4497 absque
782 4429 901 4484 tumultu
919 4438 966 4484 aut
985 4429 1119 4500 strepitu!

283 4506 304 4538 ⁶⁸
324 4509 478 4580 Lucretius,
500 4509 536 4565 vi.
558 4524 616 4580 1-3.
653 4512 758 4578 bacon,
779 4510 807 4566 in
827 4511 944 4583 quoting
963 4513 1043 4570 these
1064 4513 1144 4583 lines,
1165 4514 1303 4586 probably
1320 4514 1393 4570 from
