3342 5152
657 413 735 472 ara.
759 414 802 470 rr.
829 419 966 489 14-15·
1323 421 1386 496 395

235 577 345 662 qualia
368 590 443 644 sunt
466 579 525 642 nix
549 589 582 644 et
604 579 744 663 glacies3
772 603 811 644 ea
834 582 921 645 enim
944 582 1008 645 leni
1031 580 1143 665 aliquo
1165 592 1279 664 tepore
1302 583 1385 646 solvi

236 684 395 767 incipiunt
418 693 452 748 et
475 683 654 767 colliquari.
700 687 780 750 Post
803 685 860 749 iila
886 687 1034 769 sequitur
1055 686 1192 750 fortasse
1214 698 1386 769 argentum

235 787 357 851 vivum.
403 789 482 852 Post
497 788 578 852 illud
593 799 775 871 sequuntur
789 811 927 872 corpora
942 789 1086 874 pinguia,
1099 801 1135 854 ut
1151 790 1271 865 oleum,
1288 790 1388 873 buty-

236 912 317 968 rum,
327 902 360 956 et
372 891 511 971 similia;
530 893 650 957 deinde
659 892 784 976 lignum
796 918 803 972 ;
823 895 942 958 deinde
954 915 1040 977 aqua
1051 919 1059 972 3
1078 906 1248 977 postremo
1261 895 1388 978 lapides

236 1006 269 1059 et
286 997 429 1070 metalla,
439 1018 526 1079 quae
539 1018 605 1062 non
621 997 714 1062 facile
731 997 893 1074 calefiunt,
906 999 1097 1080 pracsertim
1113 1001 1250 1063 interius
1259 997 1295 1062 ⁶³.
1325 999 1388 1062 Illa

235 1109 347 1163 tamen
369 1101 513 1165 calorem
536 1101 637 1166 semel
664 1113 853 1185 susceptum
881 1103 1064 1167 diutissime
1090 1104 1253 1180 retinent;
1281 1103 1387 1166 itaut

236 1203 318 1267 later
339 1215 397 1269 aut
420 1204 504 1289 lapis
525 1216 583 1271 aut
605 1205 725 1269 sermm
749 1207 887 1290 ignitum
914 1209 946 1270 in
971 1206 1093 1288 pelvim
1119 1227 1226 1288 aquae
1249 1206 1387 1291 frigidae

236 1309 419 1372 immissum
450 1321 483 1374 et
513 1311 710 1386 demersum,
736 1331 794 1394 per
822 1321 975 1394 quartam
1006 1320 1135 1394 partem
1167 1312 1269 1376 horae
1298 1308 1387 1396 (plus

236 1410 357 1498 minus)
373 1415 511 1478 retincat
527 1414 679 1492 calorem,
693 1415 739 1478 ita
756 1425 792 1478 ut
807 1414 897 1497 tangi
913 1435 978 1478 non
994 1415 1106 1498 possit.

277 1535 330 1594 40.
354 1517 432 1600 Quo
459 1518 566 1580 minor
595 1529 645 1582 est
671 1519 816 1602 corporis
847 1517 959 1596 moles,
986 1538 1026 1581 eo
1056 1519 1153 1582 citius
1183 1537 1386 1601 percorpus

235 1620 379 1685 calidum
414 1622 686 1705 approximatum
720 1622 884 1686 incalescit
894 1622 939 1695 ⁰⁹3
977 1622 1010 1686 id
1049 1623 1140 1704 quod
1178 1623 1386 1686 demonstrat

235 1745 369 1790 omnem
385 1725 527 1790 calorem
543 1727 632 1809 apud
653 1747 714 1790 nos
734 1747 805 1791 esse
826 1726 954 1809 corpori
973 1725 1123 1810 tangibili
1138 1727 1387 1808 quodammodo

234 1830 418 1893 adversum.

277 1951 330 2010 41.
355 1932 517 2010 Calidum,
532 1943 696 2015 quatenus
716 1934 758 1998 ad
779 1954 910 1998 sensum
930 1944 963 1998 et
981 1942 1108 1999 tactum
1127 1933 1319 2006 humanum,
1336 1953 1386 1998 res

234 2039 324 2101 varia
348 2048 398 2101 est
414 2046 448 2101 et
463 2039 662 2120 respectiva:
685 2040 770 2102 adeo
786 2048 823 2102 ut
843 2058 930 2120 aqua
950 2038 1072 2120 tepida,
1088 2038 1114 2100 si
1135 2057 1252 2101 manus
1267 2037 1387 2120 frigore

235 2152 421 2223 occupetur,
436 2143 596 2206 sentiatur
611 2163 683 2207 esse
698 2141 824 2220 calida3
847 2144 896 2205 sin
912 2161 1028 2206 manus
1043 2141 1223 2219 incaluerit,
1239 2140 1368 2224 frigida.

763 2305 857 2370 XIV.

278 2443 391 2527 Quam
411 2444 526 2528 inopes
547 2445 650 2510 simus
668 2445 824 2509 historiae
843 2444 949 2527 quivis
970 2443 1064 2508 facile
1085 2444 1245 2518 advertet,
1261 2462 1336 2507 cum
1354 2441 1385 2505 in

234 2547 356 2612 tabulis
371 2549 603 2632 superioribus,
616 2549 952 2633 praeterquamquod
968 2547 1043 2612 loco
1058 2546 1216 2611 historiae
1226 2546 1387 2629 probatae

234 2663 267 2716 et
284 2653 513 2716 instantiarum
525 2663 689 2717 certarum
705 2673 939 2736 nonnunquam
952 2652 1146 2716 traditiones
1161 2661 1194 2714 et
1208 2650 1385 2714 relationes

235 2756 415 2820 inseramus
433 2753 577 2842 (semper
596 2767 709 2821 tamen
732 2756 861 2838 adjecta
882 2755 1002 2820 dubiae
1023 2753 1100 2819 fidei
1121 2765 1155 2819 et
1174 2754 1385 2818 authoritatis

234 2863 334 2942 nota),
355 2880 591 2944 saepenumero
614 2862 714 2923 etiam
734 2859 822 2924 hisce
842 2859 958 2936 verbis,
969 2857 1041 2942 fiat
1058 2859 1318 2941 experinuntum,
1334 2854 1385 2920 vel

235 2964 427 3047 inquiratur
439 2962 585 3043 ulterius,
601 2965 649 3028 uti
664 2983 823 3046 cogamur
832 2963 868 3026 ⁷⁰.

774 3125 850 3190 XV.

277 3266 395 3349 Atque
420 3287 505 3351 opus
534 3275 568 3330 et
597 3265 742 3331 officium
768 3263 884 3328 harum
910 3265 1009 3329 trium
1037 3263 1224 3328 tabularum
1253 3259 1387 3344 Compa-

234 3373 376 3436 rentiam
413 3372 649 3436 instantiarum
685 3371 733 3434 ad
765 3368 960 3434 intellectum
992 3388 1112 3432 vocare
1148 3367 1387 3432 consuevimus.

235 3476 339 3540 Facta
357 3486 468 3540 autem
488 3475 714 3558 comparantia,
730 3474 762 3538 in
783 3495 882 3556 opere
903 3474 1055 3558 ponenda
1076 3483 1127 3537 est
1145 3473 1215 3554 ipsa
1235 3470 1386 3535 inductio.

236 3580 439 3644 Invenienda
461 3588 511 3643 est
534 3580 632 3654 enim,
653 3599 750 3661 super
772 3579 1025 3660 comparentium
1048 3577 1196 3640 omnium
1221 3586 1254 3638 et
1277 3575 1388 3656 singu·

268 3766 291 3798 ⁸⁸
310 3769 356 3823 On
375 3769 423 3822 the
442 3767 571 3823 different
590 3784 695 3838 powers
712 3768 745 3822 of
759 3767 929 3835 conducting
948 3766 1013 3821 beat
1032 3765 1181 3835 possessed
1203 3765 1241 3832 by
1259 3763 1387 3819 different

233 3850 340 3917 bodies,
362 3868 410 3906 see
431 3851 573 3920 Tyndall’s
597 3853 673 3905 Heat
695 3869 713 3905 a
735 3850 822 3904 Mode
844 3849 876 3904 ol
898 3849 1017 3914 Motion,
1039 3847 1090 3916 3rd
1112 3847 1177 3914 Ed,
1200 3844 1231 3916 ἐξ
1254 3859 1387 3915 244-250.

232 3937 274 3989 As
286 3953 304 3989 a
316 3937 428 4003 general
445 3937 511 4002 rule‚
524 3936 624 3989 metals
641 3934 753 3989 arethe
773 3933 835 3988 best
853 3933 1021 3987 conductors
1034 3931 1066 3985 of
1079 3931 1153 3985 beat.
1190 3929 1262 3984 This
1280 3928 1305 3983 is
1324 3946 1387 3999 pre·

232 4017 386 4088 eminently
399 4019 447 4074 the
460 4035 524 4073 case
536 4018 603 4073 with
616 4019 699 4072 silver
710 4017 767 4071 and
784 4033 896 4086 copper.
935 4017 999 4069 lron
1019 4014 1043 4069 is
1060 4011 1280 4083 comparatively
1293 4029 1310 4067 a
1330 4010 1387 4067 bad

233 4101 393 4156 conductor.

268 4183 291 4216 ⁶⁹
311 4187 344 4239 ln
369 4187 449 4240 other
470 4187 571 4255 words,
593 4186 640 4240 the
665 4184 834 4240 conductiou
858 4183 889 4237 ol
909 4182 974 4238 heat
999 4179 1122 4252 requires
1147 4179 1222 4247 time,
1247 4178 1335 4232 which
1362 4177 1386 4232 is

234 4269 426 4339 undoubtedly
437 4279 507 4325 true.

268 4349 291 4384 ⁷⁰
310 4354 343 4406 In
365 4351 519 4422 criticising
541 4352 660 4408 Bacon's
681 4350 830 4418 instances,
849 4349 905 4404 this
926 4349 1049 4419 apology
1068 4345 1169 4402 should
1191 4347 1225 4401 be
1247 4345 1335 4399 borne
1358 4342 1386 4398 in

233 4435 320 4491 mind.
359 4439 406 4491 He
423 4438 519 4506 ought,
532 4447 562 4491 at
579 4439 658 4502 least,
672 4447 701 4490 to
719 4437 790 4490 have
808 4436 856 4490 the
873 4434 976 4490 benefit
993 4432 1024 4487 ol
1038 4430 1143 4500 having
1159 4431 1230 4484 been
1249 4445 1340 4482 aware
1359 4427 1391 4484 ol

232 4521 280 4576 the
293 4519 484 4590 insufficiency
497 4520 555 4576 and
567 4519 843 4575 uutrustworthiness
856 4518 887 4572 ol
897 4517 941 4572 his
954 4534 1015 4571 own
1028 4515 1103 4572 data.
1142 4515 1191 4584 Cp.
1206 4513 1223 4567 i.
1240 4525 1298 4578 117.
