3342 5152
284 422 349 488 430
662 410 817 465 NOVUM
837 410 1054 467 ORGANUM.

284 576 471 640 ventionem
496 573 675 659 legitimam
703 574 845 640 Formae
873 575 1017 658 Magnae
1042 596 1077 638 se
1100 595 1167 638 non
1190 576 1350 659 accingat,
1374 577 1432 640 sed

285 691 530 764 praesupponat
561 690 712 745 naturam
742 677 832 743 velut
859 701 879 743 a
910 678 1072 744 radicibus
1106 701 1177 744 esse
1216 679 1432 762 multiplicem

285 796 317 847 et
340 785 610 866 divisam„atque
633 784 819 848 ulteriorem
840 793 975 847 naturae
998 783 1162 858 unionem,
1185 792 1343 867 tanquam
1364 803 1432 847 rem

285 908 504 972 supervacuae
526 887 717 951 subtilitatis
739 899 772 952 et
794 897 985 970 vergentem
1003 889 1045 952 ad
1070 907 1197 952 merum
1219 888 1433 963 abstractum,

285 994 431 1057 fastidiat
446 1002 479 1058 et
495 991 626 1075 rejiciat.

330 1095 487 1179 Exempli
524 1095 650 1179 gratia3
696 1093 738 1158 sit
775 1105 891 1160 natura
929 1095 1082 1178 inquisita
1121 1093 1328 1170 Memoria⁷¹,
1367 1095 1434 1160 sive

287 1201 449 1265 Excitans
477 1211 511 1264 et
538 1196 712 1280 Adjuvans
739 1200 941 1263 memoriam.
998 1200 1182 1262 Instantiae
1206 1199 1435 1262 constitutivae

286 1313 373 1381 sunt,
394 1304 476 1367 ordo
497 1304 565 1366 sive
586 1303 784 1378 distributio,
806 1323 892 1385 quae
915 1301 1088 1367 manifesto
1107 1302 1201 1384 juvat
1221 1302 1433 1366 memoriam:

287 1410 365 1471 item
389 1407 472 1472 Loci
499 1407 531 1469 in
559 1407 717 1471 memoria
744 1405 914 1480 artificiali,
941 1407 998 1488 qui
1025 1414 1082 1470 aut
1105 1415 1244 1488 possunt
1272 1427 1343 1468 esse
1371 1405 1434 1470 loci

285 1513 465 1576 secundum
489 1511 657 1594 proprium
685 1531 825 1586 sensum,
851 1510 953 1573 veluti
973 1509 1084 1593 janua,
1107 1507 1257 1592 angulus,
1283 1510 1435 1584 fenestra,

286 1623 319 1680 et
341 1615 470 1692 similia,
486 1624 543 1679 aut
565 1625 703 1698 possunt
726 1635 797 1678 esse
818 1635 976 1697 personae
995 1613 1172 1677 familiares
1193 1623 1225 1676 et
1247 1621 1354 1690 notae,
1377 1623 1435 1677 aut

285 1729 422 1801 possunt
454 1739 526 1782 esse
555 1718 687 1801 quidvis
721 1719 764 1783 ad
799 1719 957 1800 placitum
988 1715 1105 1801 (modo
1137 1718 1170 1779 in
1201 1718 1314 1782 ordine
1344 1727 1435 1780 certo

286 1818 470 1907 ponantur),
493 1822 595 1885 veluti
613 1821 775 1896 animalia,
795 1822 936 1899 herbae;
958 1823 1058 1886 etiam
1081 1821 1191 1896 verba,
1215 1819 1336 1898 literae,
1359 1821 1435 1884 cha·

287 1938 436 2004 racteres,
459 1947 619 2011 personae
649 1927 835 2006 historicae,
861 1938 894 1990 et
921 1937 1069 2003 caetera;
1101 1927 1177 1991 licet
1204 1924 1361 1988 nonnulla
1390 1946 1434 1988 ex

286 2032 337 2094 his
368 2031 472 2112 magis
497 2041 578 2114 apta
606 2033 671 2095 sint
696 2041 730 2095 et
758 2033 943 2108 commoda,
969 2031 1033 2095 alia
1060 2031 1177 2094 minus,
1234 2029 1434 2112 Hujusmodi

286 2147 397 2199 autem
416 2135 498 2220 Loci
518 2136 709 2200 memoriam
726 2137 896 2220 insigniter
915 2135 1041 2217 juvant,
1057 2153 1197 2216 eamque
1215 2133 1313 2216 longe
1335 2153 1434 2217 supra

287 2241 371 2302 vires
397 2239 561 2304 naturales
585 2239 744 2304 exaltant.
805 2241 889 2304 Item
915 2241 1060 2304 carmina
1085 2237 1213 2302 facilius
1239 2236 1375 2301 haerent
1402 2247 1434 2300 et

287 2345 458 2408 discuntur
484 2343 674 2408 memoriter
697 2365 796 2427 quam
822 2365 928 2428 prosa.
975 2343 1089 2425 Atque
1111 2363 1155 2405 ex
1182 2342 1245 2404 isto
1272 2340 1435 2423 manipulo

286 2448 386 2511 trium
433 2447 671 2526 instantiarum,
708 2449 859 2513 videlicet
896 2447 1029 2520 ordinis,
1068 2447 1216 2510 locorum
1257 2445 1436 2509 artificialis

288 2551 473 2628 memoriae,
501 2562 534 2616 et
564 2573 727 2629 versuum,
756 2553 966 2618 constituitur
995 2550 1121 2635 species
1151 2570 1216 2614 una
1245 2547 1361 2613 auxilii
1392 2551 1434 2613 ad

288 2656 494 2720 Memoriam.
557 2653 691 2739 Species
721 2665 833 2720 autem
867 2656 922 2721 illa
952 2655 1117 2719 Abscissio
1146 2649 1317 2736 Ιηῄηἰὶἰ72
1349 2663 1436 2718 recte

287 2761 397 2825 vocari
415 2759 528 2844 possit.
575 2758 661 2823 Cum
679 2761 767 2823 enim
783 2761 856 2842 quis
878 2759 1001 2842 aliquid
1022 2758 1184 2822 reminisci
1203 2767 1259 2821 aut
1283 2775 1436 2822 revocare

288 2868 320 2928 in
355 2863 547 2928 memoriam
579 2863 700 2938 nititur,
731 2865 758 2926 si
791 2864 915 2927 nnllam
946 2863 1194 2948 praenotionem
1225 2860 1347 2924 habeat
1378 2869 1434 2925 aut

288 2969 534 3054 perceptionem
558 2967 627 3049 ejus
650 2969 739 3050 quod
763 2969 899 3050 quaerit,
922 2968 1049 3050 quaerit
1075 2977 1164 3032 certe
1187 2976 1219 3029 et
1244 2965 1378 3029 molitur
1400 2975 1434 3030 et

287 3075 349 3138 hac
378 3073 452 3137 illac
482 3073 640 3149 discurrit,
670 3082 829 3156 tanquam
860 3073 893 3136 in
924 3072 1059 3136 infinito.
1120 3069 1219 3152 Quod
1252 3071 1279 3133 si
1309 3080 1434 3134 certam

288 3179 433 3259 aliquam
461 3177 708 3260 praenotionem
736 3177 866 3250 habeat,
893 3176 1004 3241 statim
1032 3175 1233 3240 abscinditur
1260 3173 1436 3251 infinitum,

289 3293 321 3344 et
345 3281 381 3344 fit
402 3281 566 3344 discursus
589 3281 766 3344 memoriae
789 3281 893 3364 magis
916 3281 949 3344 in
967 3280 1085 3344 vicino.
1132 3279 1171 3342 In
1194 3277 1300 3342 tribus
1322 3288 1434 3342 autem

289 3385 351 3449 illis
374 3382 536 3448 instantiis
558 3404 644 3465 quae
667 3386 816 3468 superius
839 3386 947 3450 dictae
969 3395 1054 3461 sunt,
1073 3383 1243 3466 praenotio
1262 3383 1437 3466 perspicua

289 3498 338 3552 est
368 3498 401 3551 et
432 3498 531 3552 certa.
577 3487 616 3549 In
643 3489 749 3569 prima
774 3487 936 3564 videlicet,
963 3489 1063 3552 debet
1090 3508 1161 3551 esse
1190 3486 1315 3569 aliquid
1345 3485 1434 3568 quod

324 3673 346 3705 ⁷¹
365 3675 436 3730 Tms
460 3675 587 3744 example
606 3675 628 3730 is
647 3675 810 3748 interesting
832 3677 860 3731 in
882 3677 1037 3732 connexion
1055 3675 1121 3731 with
1141 3676 1158 3731 i.
1180 3689 1238 3744 127,
1257 3691 1289 3730 as
1308 3675 1434 3744 shewing

289 3760 349 3813 that
364 3761 460 3813 Bacon
473 3757 522 3812 did
535 3769 583 3812 not
602 3759 710 3814 confine
723 3760 767 3814 his
784 3762 925 3832 examples
944 3777 999 3830 any
1012 3777 1088 3815 more
1105 3760 1174 3813 than
1187 3759 1235 3814 the
1249 3776 1333 3828 scope
1346 3758 1377 3812 of
1391 3757 1435 3813 his

290 3842 493 3912 philosophical
505 3841 607 3896 reform
620 3853 649 3897 to
662 3844 735 3898 what
750 3844 773 3898 is
786 3845 895 3914 usually
907 3845 997 3899 called
1010 3844 1130 3897 Natural
1144 3843 1326 3912 Philosophy.

325 3927 373 3981 On
391 3925 436 3981 his
455 3925 581 3980 doctrine
596 3925 628 3981 of
643 3928 773 3997 Memory
785 3928 843 3984 and
862 3929 910 3982 the
922 3928 994 3982 Aids
1009 3936 1039 3981 to
1054 3929 1194 3996 Memory,
1210 3927 1238 3980 in
1255 3926 1376 3995 general,
1390 3941 1436 3981 see

291 4012 336 4064 De
349 4009 526 4079 Augmentis,
539 4009 586 4064 lib.
599 4028 625 4064 v.
638 4026 699 4081 cap.
714 4023 738 4080 5.

326 4096 404 4148 Most
417 4093 448 4146 of
458 4093 505 4147 the
518 4094 623 4147 mental
638 4094 815 4163 phenomena
828 4112 859 4149 as
873 4095 933 4148 well
945 4111 977 4148 as
990 4094 1039 4149 the
1051 4093 1178 4148 artificial
1195 4093 1257 4148 aids
1270 4104 1299 4148 to
1311 4108 1437 4162 memory

290 4179 358 4233 here
376 4177 523 4232 described
536 4176 627 4230 would
640 4194 703 4231 now
715 4177 751 4232 bc
763 4178 911 4248 explained
923 4178 962 4247 by
974 4178 1023 4232 the
1039 4178 1164 4232 doctrine
1177 4178 1210 4232 of
1217 4177 1395 4232 Association
1408 4175 1440 4230 of

293 4262 383 4316 ideas.

325 4342 348 4374 ⁷²
367 4346 401 4398 ln
414 4344 462 4398 the
477 4345 521 4398 De
533 4343 709 4412 Augmentis,
723 4345 771 4398 the
783 4343 945 4414 expression
958 4345 965 4373 ‘
976 4345 1140 4399 Praenotio’
1154 4345 1255 4413 (which
1268 4345 1328 4400 also
1340 4361 1436 4400 occurs

291 4427 390 4496 below)
405 4427 428 4482 is
441 4437 490 4496 put
502 4427 622 4482 forward
634 4437 707 4482 most
724 4427 910 4498 prominently
923 4438 952 4484 to
969 4428 1097 4484 describe
1109 4429 1165 4484 this
1183 4429 1297 4499 species.
1335 4428 1438 4483 ‘Prae-

290 4512 431 4566 notionem
445 4528 577 4566 vocamus
590 4510 791 4566 abscissionem
806 4513 949 4582 quandam
963 4512 1186 4583 investigationis
1198 4512 1338 4568 infinitae!
