3250 5138
301 425 367 493 574
677 419 832 476 NOVUM
853 417 1071 476 ORGANUM.

302 585 419 651 fortius
448 583 618 649 attrahant
643 593 809 662 ventosae,
839 595 965 669 ponant
995 585 1151 670 spongias
1181 583 1343 669 frigidas¹
1377 606 1468 669 aqua

303 688 506 752 madefactas
535 709 634 772 super
658 698 812 753 ventosas
822 684 844 752 ².
892 689 1011 773 ltaque
1039 709 1105 754 non
1136 702 1186 755 est
1217 711 1276 756 cur
1306 689 1467 754 homines

302 791 443 857 multum
477 791 537 856 sibi
571 803 720 857 metuant
752 794 796 857 de
827 791 914 858 sacili
945 794 1038 858 exitu
1068 795 1152 858 aeris
1181 805 1240 860 aut
1268 795 1466 878 spirituum.

302 895 397 961 Licet
411 897 500 960 enim
523 917 638 960 verum
661 897 703 960 sit
726 897 828 962 etiam
851 897 1051 962 solidissima
1072 919 1210 982 corpora
1232 899 1360 963 habere
1383 919 1466 964 suos

301 1021 410 1084 poros,
433 1010 545 1064 tamen
569 1020 665 1084 aegre
690 1002 815 1083 patitur
839 1007 896 1066 abr
921 1013 979 1067 aut
1004 1001 1137 1084 spiritus
1159 1003 1464 1067 comminutionem

300 1105 350 1168 sui
380 1105 423 1169 ad
449 1115 578 1168 tantam
605 1105 842 1183 subtilitatem
879 1107 1160 1189 quemadmodum
1186 1116 1220 1171 et
1249 1127 1338 1190 aqua
1366 1107 1464 1171 exire

301 1219 429 1274 recusat
445 1229 504 1292 per
519 1210 636 1272 rimam
653 1209 881 1274 minusculam.

343 1310 394 1400 (a)
417 1313 471 1378 De
505 1313 650 1378 secundo
682 1333 761 1378 vero
795 1315 897 1379 modo
926 1335 971 1378 ex
1001 1325 1130 1397 septem
1160 1315 1340 1400 praedictis
1372 1315 1459 1379 illud

301 1417 462 1501 imprimis
485 1419 667 1481 notandum
686 1427 746 1492 est,
762 1416 871 1481 valere
889 1427 977 1482 certe
999 1421 1259 1502 compressiones
1281 1430 1317 1483 et
1339 1419 1458 1500 hujus·

301 1523 391 1586 modi
424 1520 597 1584 violentias
629 1521 672 1584 ad
707 1531 835 1584 motum
867 1520 1016 1595 localem,
1045 1533 1149 1605 atque
1180 1523 1244 1586 alia
1274 1523 1309 1585 id
1337 1543 1457 1606 genus,

299 1625 549 1706 potentissime3
584 1635 620 1688 ut
651 1625 683 1688 in
715 1625 874 1689 machinis
904 1634 937 1690 et
965 1626 1161 1691 missilibus:
1195 1627 1296 1690 etiam
1324 1629 1367 1690 ad
1396 1627 1456 1689 de·

299 1730 515 1794 structionem
546 1730 692 1811 corporis
723 1729 877 1810 organici,
903 1739 1003 1811 atque
1034 1749 1147 1794 earum
1176 1730 1336 1793 virtutum
1366 1750 1456 1812 quae

299 1835 482 1898 consistunt
512 1832 611 1916 plane
641 1833 674 1896 in
704 1843 806 1897 motu.
851 1831 968 1898 Omnis
998 1834 1086 1897 enim
1116 1834 1192 1912 vita,
1220 1834 1322 1898 immo
1350 1833 1453 1897 etiam

298 1938 405 2001 omnis
431 1935 565 2000 flamma
592 1946 625 2000 et
651 1936 788 2019 ignitio³
813 1937 993 2001 destruitur
1017 1957 1076 2020 per
1101 1938 1384 2021 compressionem
1417 1946 1454 2000 ut

297 2050 332 2105 et
358 2041 465 2105 omnis
496 2040 648 2105 machina
677 2041 896 2123 corrumpitur
922 2049 956 2104 et
983 2039 1193 2105 confunditur
1218 2061 1276 2124 per
1303 2043 1451 2105 easdem.

298 2145 412 2210 Etiam
428 2146 471 2208 ad
486 2145 743 2208 destructionem
757 2145 913 2208 virtutum
929 2164 1016 2226 quae
1032 2146 1218 2210 consistunt
1234 2145 1265 2208 in
1282 2145 1453 2228 posituris,

298 2260 331 2313 et
362 2248 619 2314 dissimilaritate
648 2249 791 2331 partium
819 2247 919 2332 paulo
945 2249 1124 2320 crassiore:
1160 2257 1197 2312 ut
1223 2249 1256 2312 in
1282 2249 1452 2314 coloribus

296 2349 520 2440 (nequeenim
538 2353 626 2416 idem
642 2352 732 2416 color
746 2351 835 2416 floris
856 2353 973 2436 integri
995 2363 1028 2416 et
1048 2354 1187 2430 contusi,
1202 2373 1309 2436 neque
1326 2355 1451 2417 succini

297 2459 416 2541 integri
437 2467 470 2521 et
490 2453 717 2540 pulverizati);
740 2457 839 2520 etiam
861 2455 893 2518 in
914 2455 1088 2539 saporibus
1106 2452 1225 2542 (neque
1247 2457 1335 2520 enirn
1360 2457 1450 2520 idem

297 2583 396 2646 sapor
416 2562 489 2645 pyri
513 2561 690 2634 immaturi,
706 2569 739 2624 et
764 2559 912 2642 ejusdem
935 2560 1113 2644 compressi
1137 2580 1176 2624 ac
1198 2561 1347 2636 subacti;
1371 2581 1450 2624 nam

297 2665 473 2730 manifesto
488 2664 695 2729 dulcedinem
713 2663 873 2745 majorem
889 2661 1056 2748 concipit).
1086 2663 1211 2727 Verum
1232 2666 1274 2728 ad
1291 2663 1449 2728 transfor·

296 2770 457 2834 arationes
479 2779 512 2832 et
535 2766 747 2832 alterationes
769 2767 952 2830 nobiliores
966 2786 1139 2851 corporum
1163 2767 1357 2832 similarium
1379 2789 1448 2831 non

296 2873 435 2937 multum
448 2873 557 2936 valent
570 2873 652 2935 istae
663 2870 856 2949 violentiae3
880 2871 957 2954 quia
970 2892 1107 2955 corpora
1119 2891 1178 2954 per
1189 2891 1244 2934 eas
1256 2891 1323 2934 non
1335 2873 1449 2954 acqui-

295 2988 370 3042 runt
386 2976 632 3041 consistentiam
648 2974 794 3057 aliquam
812 2994 932 3038 novam
948 2985 1155 3039 constantem
1168 2983 1201 3038 et
1212 2975 1446 3058 quiescentem,

329 3197 339 3229 ¹
360 3200 414 3252 Mr.
434 3199 504 3253 Ellis
525 3213 659 3268 proposes
677 3206 708 3249 to
726 3195 793 3250 read
812 3193 922 3264 frigida,
940 3193 1032 3250 which
1051 3195 1074 3250 is
1093 3195 1286 3264 undoubtedly
1304 3196 1353 3251 the
1371 3196 1446 3266 right

293 3280 378 3335 word.
416 3281 470 3336 See
484 3281 531 3335 the
544 3279 765 3350 corresponding
777 3295 897 3348 passage
911 3278 939 3332 in
952 3279 1000 3333 the
1014 3277 1141 3334 Historia
1155 3277 1244 3334 Densi
1255 3288 1284 3334 et
1296 3280 1374 3333 Rari.

328 3362 340 3394 ²
358 3365 451 3418 These
463 3363 650 3432 experiments
663 3379 711 3417 are
723 3364 782 3416 also
796 3361 943 3416 described
957 3361 985 3416 in
1001 3362 1050 3416 the
1070 3361 1197 3417 Historia
1215 3361 1305 3418 Densi
1321 3373 1349 3417 et
1367 3363 1443 3432 Rari,

293 3449 328 3502 E.
341 3448 398 3501 and
412 3449 450 3514 S.,
463 3447 517 3500 vol.
531 3446 556 3500 ii.
571 3462 598 3515 p.
612 3446 679 3511 2673
706 3445 734 3498 in
748 3445 795 3500 the
813 3444 1004 3514 Cogitationes
1023 3447 1068 3501 De
1086 3447 1196 3500 Natura
1213 3447 1327 3512 Rerum,
1340 3447 1394 3500 vol.
1406 3447 1442 3501 iii.

294 3547 341 3601 pp.
360 3542 447 3598 24-5;
466 3529 523 3583 and
543 3529 571 3583 in
592 3529 640 3582 the
661 3529 859 3583 phaenomena
878 3528 1019 3596 Universi,
1036 3530 1089 3583 vol.
1106 3528 1145 3584 iii.
1161 3547 1189 3599 p.
1207 3542 1267 3595 711.
1305 3530 1443 3586 Notwith·

293 3612 426 3682 standing
438 3613 511 3666 what
526 3613 576 3665 Dr.
593 3611 709 3665 Kitchin
722 3629 796 3681 says,
811 3614 823 3665 1
837 3622 941 3666 cannot
953 3629 1000 3666 see
1013 3612 1074 3667 that
1087 3614 1207 3668 Bacon’s
1220 3613 1398 3683 explanation
1415 3613 1442 3668 in

291 3698 338 3751 the
351 3707 417 3762 text,
431 3697 516 3751 sofar
528 3713 559 3750 as
572 3695 592 3750 it
605 3712 682 3765 goes,
696 3696 720 3749 is
732 3711 844 3764 wrong;
864 3696 970 3765 though
983 3696 1019 3749 he
1033 3695 1168 3765 certainly
1178 3713 1235 3750 was
1248 3706 1296 3750 not
1309 3713 1402 3752 aware
1415 3697 1446 3752 oi

292 3782 339 3836 the
349 3798 478 3851 pressure
492 3780 522 3834 ol
532 3780 580 3834 the
593 3779 781 3848 atmosphere,
791 3779 848 3832 and
861 3778 890 3832 in
903 3779 951 3833 the
965 3779 1091 3833 Historia
1105 3780 1193 3834 Densi
1206 3791 1234 3835 et
1248 3779 1315 3834 Rari
1326 3781 1362 3836 he
1372 3782 1442 3836 him·

291 3865 345 3919 seli
359 3865 445 3920 refers
455 3855 511 3919 'the
529 3863 616 3932 n'sing
634 3864 665 3916 ol
680 3863 728 3917 the
746 3863 817 3916 tiesh
832 3861 926 3916 within
945 3862 993 3917 the
1012 3861 1224 3932 cupping-glass
1243 3873 1273 3917 to
1292 3864 1441 3919 attraction

291 3950 357 4019 ‘per
370 3959 477 4004 motum
491 3948 595 4002 nexus!
645 3946 714 4014 Still,
729 3947 765 4000 he
779 3945 802 4000 is
814 3945 887 4015 right
901 3945 930 3999 in
942 3945 1129 4016 maintaining
1141 3948 1201 4001 that
1214 3947 1263 4002 the
1276 3946 1442 4018 ‘quantum’

291 4033 323 4086 ol
336 4033 385 4086 the
402 4032 519 4086 rarelied
536 4031 578 4085 air
590 4029 687 4084 within
703 4028 751 4083 the
768 4046 822 4098 cup
839 4029 861 4083 is
878 4037 926 4083 not
943 4027 1123 4097 diminished,
1141 4029 1191 4084 but
1209 4031 1276 4099 only
1293 4031 1341 4086 the
1357 4049 1442 4102 space

290 4116 382 4170 which
395 4114 416 4169 it
430 4115 588 4185 previously
597 4113 672 4167 filled
686 4113 845 4167 contracred
859 4113 896 4181 by
906 4112 1026 4182 cooling.
1062 4114 1125 4168 The
1135 4113 1340 4168 waterorflesh
1349 4114 1441 4169 which

290 4197 314 4251 is
327 4199 446 4254 covered
459 4199 497 4267 hy
510 4198 558 4252 the
570 4197 661 4250 vessel
674 4196 752 4262 rises,
766 4213 798 4250 as
813 4197 860 4250 the
877 4196 979 4252 heated
996 4195 1038 4250 air
1054 4197 1130 4252 cools
1147 4198 1204 4251 and
1221 4208 1371 4264 contracte,
1385 4197 1442 4254 this

290 4281 377 4350 rising
389 4281 482 4350 being,
496 4297 527 4334 as
540 4297 581 4334 we
593 4297 656 4333 now
668 4279 758 4346 know,
772 4278 826 4333 due
839 4288 868 4333 to
885 4279 933 4333 the
949 4296 1079 4349 pressure
1095 4280 1127 4334 ol
1141 4281 1189 4335 the
1205 4280 1386 4350 atmosphere
1403 4298 1441 4336 on

289 4365 337 4420 the
350 4374 426 4434 parts
439 4365 470 4418 oi
479 4365 526 4418 the
540 4364 649 4418 surface
660 4363 783 4417 externa}
796 4372 824 4418 to
837 4363 885 4416 the
897 4364 995 4418 vessel.

324 4445 336 4477 ⁸
355 4445 552 4517 Compression
566 4458 634 4514 acts,
645 4446 673 4500 in
682 4446 739 4501 this
749 4464 822 4514 case,
833 4447 870 4515 by
880 4445 1012 4518 stopping
1020 4447 1068 4502 the
1078 4447 1179 4518 supply
1189 4448 1221 4503 ol
1229 4462 1338 4520 oxygen
1349 4447 1441 4504 which

289 4529 442 4586 maintains
455 4530 502 4586 the
515 4529 697 4586 combustion.
