3358 5152
336 398 400 483 306
716 403 872 459 uorum
893 402 1110 460 oceanum

338 569 429 636 nullo
459 569 559 634 modo
590 568 708 634 sufficit
739 567 933 644 intellectus,
960 577 996 632 ut
1026 566 1060 632 in
1090 565 1180 632 illam
1208 568 1378 632 materiem
1409 579 1490 652 agat

338 684 457 757 sponte
472 683 505 738 et
522 673 711 737 memoriter
725 696 733 748 3
755 693 822 737 non
838 672 945 755 magis
960 692 1060 755 quam
1075 671 1103 736 si
1118 673 1192 754 quis
1208 675 1488 756 computationem

338 776 477 860 alicujus
503 776 724 861 ephemeridis
751 777 942 841 memoriter
964 797 1000 840 se
1021 786 1133 840 tenere
1156 785 1190 840 et
1212 797 1367 859 superare
1392 797 1489 860 posse

340 891 457 964 speret.
509 881 625 964 Atque
645 881 805 945 hactenus
828 890 940 944 tamen
963 881 1111 964 potiores
1134 881 1357 945 meditationis
1380 891 1489 964 partes

340 1004 440 1067 quam
463 984 648 1068 scriptionis
671 985 704 1048 in
726 984 924 1048 inveniendo
947 983 1097 1062 luerunt3
1119 1005 1226 1066 neque
1248 984 1356 1049 adhuc
1377 985 1491 1068 Expe-

340 1089 458 1153 rientia
478 1085 643 1153 literata⁸⁶
661 1088 748 1154 sacta
763 1099 830 1152 est:
853 1089 944 1172 atqui
961 1089 1050 1152 nulla
1066 1089 1127 1152 nisi
1143 1089 1185 1153 de
1205 1090 1327 1173 scripto
1346 1089 1490 1153 inventio

341 1193 512 1277 probanda
538 1202 596 1256 est
643 1192 705 1256 llla
731 1193 867 1257 veroin
894 1213 989 1258 usum
1017 1194 1177 1271 veniente,
1203 1195 1247 1257 ab
1273 1193 1490 1277 Experientia

340 1298 427 1362 sacta
449 1299 584 1362 demum
608 1297 737 1362 literata
761 1297 877 1362 melius
899 1297 1107 1381 sperandum.

883 1466 959 1532 CII.

385 1606 501 1690 Atque
517 1607 647 1691 insuper
662 1627 737 1672 cum
749 1616 860 1670 tantus
871 1606 912 1670 sit
924 1605 1167 1690 particularium
1180 1627 1335 1670 numerus
1350 1615 1382 1669 et
1399 1607 1491 1688 quasi

343 1712 517 1790 exercitus,
532 1712 625 1794 isque
641 1712 687 1775 ita
701 1731 832 1794 sparsus
847 1721 880 1774 et
896 1711 1041 1789 diffusus,
1057 1722 1094 1776 ut
1109 1709 1310 1776 intellectum
1326 1711 1492 1794 disgreget

343 1825 376 1879 et
399 1815 588 1890 confundat,
604 1815 646 1879 de
661 1815 907 1879 velitationibus
924 1824 958 1880 et
975 1815 1102 1879 levibus
1124 1817 1268 1880 motibus
1283 1825 1316 1878 et
1331 1824 1493 1878 transcur-

343 1920 433 1984 sibus
451 1920 637 1984 intellectus
658 1939 725 1983 non
746 1921 831 1983 bene
851 1919 1051 2003 sperandum
1072 1931 1144 1997 est;
1168 1919 1228 1983 nisi
1251 1919 1307 1983 fiat
1324 1919 1493 1982 instructio

343 2034 378 2086 et
392 2024 605 2102 coordinatio,
619 2045 678 2108 per
692 2023 824 2088 tabulas
845 2023 1028 2088 inveniendi
1037 2021 1064 2062 ⁸⁷
1079 2023 1216 2088 idoneas
1231 2033 1264 2086 et
1280 2024 1365 2087 bene
1380 2022 1492 2105 dispo-

343 2129 422 2192 sitas
437 2137 470 2192 et
484 2137 643 2210 tanquam
659 2127 758 2202 rivas,
773 2147 887 2192 eorum
904 2147 991 2210 quae
1012 2129 1175 2211 pertinent
1195 2128 1239 2190 ad
1258 2127 1443 2207 subjectum
1461 2127 1492 2189 in

344 2253 411 2314 quo
436 2241 585 2296 versatur
611 2232 786 2314 inquisitio,
810 2243 909 2315 atque
934 2231 978 2296 ad
1005 2232 1120 2295 harum
1150 2231 1338 2296 tabularum
1367 2230 1493 2295 auxilia

345 2347 539 2420 praeparata
554 2347 588 2401 et
603 2337 730 2420 digesta
747 2357 839 2400 mens
853 2335 1046 2420 applicetur.

873 2507 967 2573 CIII.

388 2648 513 2712 Verum
533 2657 608 2731 post
627 2647 756 2731 copiam
778 2646 1023 2729 particularium
1046 2646 1108 2710 rite
1129 2655 1161 2710 et
1183 2647 1297 2710 ordine
1312 2645 1412 2710 veluti
1433 2647 1494 2711 sub

345 2752 458 2818 oculos
473 2753 665 2835 positorum,
678 2771 745 2816 non
756 2752 869 2815 statim
882 2752 1119 2816 transeundum
1132 2751 1236 2815 estad
1249 2750 1494 2832 inquisitionem

346 2866 380 2920 et
392 2856 614 2922 inventionem
626 2875 787 2920 novorum
797 2855 1044 2939 particularium
1056 2864 1113 2918 aut
1123 2875 1280 2938 operum;
1301 2851 1496 2929 autsaltem‚

346 2961 372 3023 si
388 2960 452 3025 hoc
468 2959 534 3037 fiat,
550 2959 583 3023 in
602 2981 642 3024 eo
661 2980 726 3024 non
746 2959 1032 3042 acquiescendum.
1078 2958 1196 3042 Neque
1217 2959 1305 3022 enim
1329 2978 1496 3041 negamus,

346 3074 525 3148 postquam
549 3065 659 3129 omnia
679 3065 826 3128 omnium
846 3064 966 3128 artium
984 3063 1212 3146 experimenta
1230 3061 1367 3126 collecta
1390 3071 1423 3126 et
1446 3063 1493 3125 di·

347 3179 440 3250 gesta
464 3167 582 3231 luerint
608 3177 710 3250 atque
736 3170 779 3233 ad
810 3168 904 3232 unius
929 3167 1072 3232 hominis
1102 3167 1252 3231 notitiam
1279 3175 1313 3230 et
1336 3166 1494 3249 judicium

348 3271 565 3355 pervenerint,
587 3270 665 3354 quin
689 3291 732 3334 ex
760 3271 831 3355 ipsa
852 3271 1059 3336 traductione
1080 3272 1382 3355 experimentorum
1402 3271 1496 3334 unius

349 3375 428 3438 artis
451 3376 484 3437 in
502 3374 584 3436 alias
605 3373 710 3438 multa
731 3395 816 3439 nova
835 3376 969 3439 inveniri
988 3376 1116 3459 possint
1136 3377 1179 3440 ad
1199 3375 1378 3440 humanam
1394 3375 1495 3438 vitam

348 3489 382 3543 et
402 3488 525 3542 statum
542 3477 642 3550 utilia,
657 3499 716 3562 per
732 3479 828 3542 istam
846 3479 1097 3562 Experientiam
1113 3500 1213 3562 quam
1229 3499 1385 3545 vocamus
1404 3479 1496 3542 Lite-

349 3580 506 3646 ratam⁸⁸z
530 3581 589 3646 sed
605 3591 715 3645 tamen
732 3584 858 3648 minora
873 3585 916 3647 de
931 3604 969 3648 ea
985 3584 1147 3667 speranda
1161 3594 1255 3661 sunt3
1280 3581 1404 3664 majora
1419 3603 1497 3646 vero

385 3769 406 3798 ⁸⁸*
426 3771 472 3824 He
485 3769 509 3824 is
524 3770 660 3840 speaking
677 3771 788 3825 hereos
800 3772 974 3842 experience,
986 3773 1048 3828 that
1064 3772 1095 3839 is,
1110 3771 1303 3826 observations
1319 3771 1375 3825 and
1392 3771 1496 3840 experi-

349 3864 450 3922 ments‚
463 3852 625 3908 committed
638 3863 667 3908 to
679 3853 797 3923 writing.
824 3855 916 3910 Burin
925 3856 1013 3925 Aphs.
1028 3869 1085 3923 103,
1099 3869 1156 3920 110,
1166 3855 1213 3910 the
1225 3854 1386 3923 expression
1400 3855 1497 3924 ‘expe-

350 3936 449 3992 rientia
462 3936 584 3992 literata'
599 3937 622 3992 is
632 3937 702 3992 used
715 3937 742 3992 in
756 3938 803 3993 the
816 3955 894 3994 same
907 3955 990 3994 sense
999 3955 1031 3994 as
1042 3939 1071 3993 in
1082 3939 1129 3993 the
1142 3954 1260 4008 passage
1271 3938 1385 4007 already
1394 3938 1497 4008 quoted

349 4022 420 4076 from
440 4021 488 4074 the
508 4021 553 4075 De
571 4019 744 4090 Augmentis,
763 4019 809 4075 lib.
826 4038 852 4076 v.
871 4037 974 4092 capa,
994 4023 1113 4090 namely,
1131 4031 1161 4076 to
1178 4021 1281 4075 denote
1299 4038 1318 4075 a
1337 4021 1453 4075 method
1471 4021 1502 4075 ol

350 4104 506 4172 consulting
529 4103 690 4173 experience
715 4103 907 4160 intermediate
931 4105 1058 4161 between
1084 4107 1178 4160 ‘mera
1201 4103 1343 4175 palpatio’
1367 4104 1425 4158 and
1450 4105 1498 4158 the

352 4190 472 4242 ‘novum
488 4187 639 4256 organum!
676 4189 730 4242 See
742 4198 808 4243 note
821 4189 856 4255 76
869 4206 905 4243 on
917 4189 992 4259 Aph.
1006 4201 1048 4256 70.

387 4270 407 4300 ‘⁷
429 4273 475 4325 He
489 4270 512 4324 is
524 4271 648 4340 alluding
659 4281 689 4324 to
702 4271 813 4337 Tables,
828 4273 896 4326 such
910 4290 943 4327 as
960 4273 1040 4328 those
1053 4271 1143 4326 which
1160 4289 1211 4339 are
1225 4270 1306 4341 given
1320 4270 1347 4326 in
1360 4271 1408 4328 the
1425 4271 1499 4339 early

351 4364 412 4425 part
425 4354 456 4408 ol
464 4354 512 4408 the
526 4354 637 4408 Second
652 4354 739 4409 Book.

388 4435 409 4466 ⁸⁸
429 4438 482 4492 See
501 4447 566 4491 note
586 4437 620 4491 86
638 4454 674 4491 on
687 4437 761 4507 Aph.
779 4451 835 4492 101.
871 4439 925 4493 We
946 4449 1020 4493 must
1042 4439 1170 4494 recollect
1190 4439 1250 4493 that
1272 4439 1319 4492 the
1337 4436 1499 4492 distinction

353 4521 477 4575 between
491 4519 689 4589 ‘Experientia
708 4521 845 4576 Literata’
861 4523 917 4576 and
938 4521 1153 4592 ‘interpretatio
1167 4523 1294 4577 Naturae
1312 4519 1370 4576 sive
1387 4523 1498 4575 Novum
