3250 5138
658 423 738 477 ΗΒ.
760 421 803 478 II.
826 413 878 492 48.
1255 423 1295 490 54
1301 429 1320 495 3

166 588 331 673 culpanda
358 597 409 654 est
436 586 492 652 illa
518 585 687 664 deliniti03
721 585 799 668 quia
824 583 923 650 etiam
950 584 1087 650 effectus
1116 583 1162 648 illi
1190 580 1319 668 (quales

165 693 279 776 quales
299 689 388 778 sunt)
411 712 477 756 non
496 700 573 756 sunt
593 711 637 755 ex
658 691 860 774 proprietate
882 687 1009 764 caloris,
1028 689 1088 753 sed
1112 697 1241 752 tantum
1263 709 1320 772 per

163 797 315 863 accidens
324 795 351 836 ⁰²
362 796 465 882 (idem
482 797 570 860 euim
583 795 659 860 lacit
676 796 785 877 lrigus,
798 803 833 857 ut
849 803 966 876 postea
980 793 1129 858 dicemus
1140 791 1189 877 ⁰³),
1201 813 1320 876 nempe

164 919 209 961 ex
221 898 384 963 desiderio
395 897 537 981 partium
548 895 828 977 homogenearum
841 894 990 972 coeundi,
1000 893 1178 976 adjuvante
1190 903 1320 956 tantum

164 1001 272 1066 calore
291 1001 335 1065 ad
353 1001 592 1066 discutiendum
614 1009 791 1082 torporem,
810 998 866 1081 qui
887 1006 1001 1080 torpor
1019 998 1217 1062 desiderium
1239 996 1320 1061 illud

165 1117 263 1170 antea
272 1105 440 1189 ligaverat.
486 1103 607 1187 Quoad
616 1124 694 1167 vero
704 1103 865 1166 auxilium
877 1101 1007 1166 virtutis
1019 1102 1322 1185 inditaeacorpore

165 1219 329 1292 cognato;
353 1208 434 1272 illud
465 1207 659 1270 mirabiliter
683 1205 835 1271 elucescit
868 1207 900 1269 in
930 1217 1085 1289 magnete
1111 1206 1320 1288 armato,qui

167 1314 294 1378 excitat
315 1313 347 1376 in
368 1312 455 1377 lerro
478 1312 635 1374 virtutem
656 1309 826 1374 detinendi
849 1309 970 1372 serrum
993 1331 1052 1393 per
1072 1309 1320 1375 similitudinem

63 1449 67 1458 ·
167 1417 378 1492 substantiae,
408 1416 556 1481 discusso
588 1424 721 1497 torpore
757 1413 831 1477 lerri
865 1433 924 1497 per
957 1414 1112 1477 virtutem
1148 1417 1322 1496 magnetis.

168 1521 290 1604 Quoad
320 1540 398 1584 vero
428 1519 591 1582 auxilium
622 1528 754 1594 motus;
792 1518 991 1601 conspicitur
1020 1517 1100 1581 illud
1130 1519 1163 1581 in
1193 1519 1322 1602 sagittis

167 1624 294 1709 ligneis,
320 1624 457 1709 cuspide
483 1624 582 1688 etiam
610 1622 729 1707 lignea,
756 1643 842 1705 quae
868 1621 965 1686 altius
991 1633 1163 1706 penetrant
1192 1624 1224 1686 in
1256 1624 1322 1687 alia

167 1727 256 1813 ligna
288 1748 389 1811 quam
424 1728 451 1792 si
489 1727 626 1792 luissent
662 1736 810 1790 armatae
850 1724 944 1800 ferro,
977 1746 1037 1810 per
1073 1726 1321 1791 similitudinem

168 1832 381 1908 substantiae,
408 1831 558 1896 discusso
585 1841 718 1914 torpore
745 1830 825 1912 ligni
851 1849 910 1913 per
936 1840 1063 1894 motum
1091 1830 1249 1896 celerem:
1280 1834 1323 1897 de

168 1938 288 2022 quibus
304 1937 433 2000 duobus
454 1935 690 2020 experimentis
705 1936 805 1999 etiam
830 1935 862 1998 in
885 1934 1074 2019 aphorismo
1090 1937 1131 2000 de
1154 1937 1324 2002 instantiis

167 2041 378 2106 clandestinis
393 2041 539 2104 diximus
548 2037 585 2105 ⁹⁴.

213 2145 347 2229 Ligatio
374 2166 453 2208 vero
484 2155 594 2209 motus
624 2143 883 2227 congregationis
912 2143 1058 2222 minoris,
1083 2165 1168 2227 quae
1198 2143 1235 2209 fit
1266 2165 1324 2228 per

169 2248 319 2313 fraenum
335 2247 481 2332 corporis
496 2248 706 2326 dominantis,
716 2249 915 2332 conspicitur
930 2249 963 2312 in
979 2248 1143 2313 solutione
1155 2249 1325 2333 sanguinis

170 2361 204 2417 et
235 2353 402 2416 urinarum
412 2352 439 2390 ⁰⁶
468 2372 528 2434 per
558 2351 668 2436 frigus.
728 2351 898 2435 Quamdiu
929 2351 1016 2415 enim
1048 2351 1174 2434 repleta
1204 2352 1324 2419 luerint

171 2535 199 2582 et
213 2525 304 2580 lamae
317 2524 537 2580 celeberrimae.’'
586 2525 603 2554 “
613 2525 654 2579 llli
672 2524 833 2596 perspicace
850 2525 878 2579 in
892 2523 1019 2593 Physicis
1032 2525 1195 2595 praesertim
1212 2525 1325 2596 ingenio

171 2609 248 2663 baud
261 2607 448 2679 poenitendae
460 2608 488 2662 in
504 2609 660 2664 evolvendo
677 2625 778 2679 operae
795 2607 985 2663 testimonium
1001 2609 1147 2677 dederunt,
1161 2611 1236 2680 quod
1254 2611 1325 2666 inte·

172 2709 253 2764 grum
262 2690 419 2746 excussisse
428 2702 604 2758 censeantur,
614 2701 642 2746 et
652 2692 745 2762 aliqua
755 2709 772 2746 a
782 2692 941 2761 vulgaribus
955 2691 1133 2762 opinionibus
1145 2693 1325 2750 abhorrentia

172 2777 279 2831 calculo
288 2792 339 2830 suo
351 2776 533 2844 comprobata
542 2775 608 2830 hinc
618 2775 738 2845 sparsim
747 2775 834 2830 citent
844 2793 851 2842 ;
860 2775 874 2803 ’¹
894 2774 923 2829 in
933 2775 1024 2830 which
1037 2777 1048 2830 l
1061 2777 1098 2830 do
1107 2786 1156 2831 not
1166 2777 1253 2832 doubt
1264 2779 1325 2834 that

173 2860 278 2914 Gruter
289 2858 374 2914 reiers
386 2867 415 2913 to
429 2860 534 2913 Bacon.
571 2859 691 2913 Bacon's
703 2859 846 2929 quotation
857 2875 949 2913 seems
959 2868 987 2914 to
997 2859 1069 2914 have
1078 2860 1150 2914 been
1160 2859 1244 2914 made
1254 2862 1325 2916 irum

174 2941 319 3012 imperfect
332 2958 465 3012 memory,
475 2959 507 2996 as
520 2941 568 2996 the
578 2941 668 2996 words
680 2941 713 2996 ol
722 2942 770 2997 the
783 2941 900 3012 original
913 2959 961 2996 are
974 2943 1035 2995 :-“
1043 2941 1110 3013 quid
1124 2943 1190 2998 illud
1203 2945 1325 3000 ostendit

172 3035 221 3081 aut
235 3041 307 3096 quae
319 3025 366 3079 illa
377 3024 535 3080 differentia
544 3026 582 3080 ab
590 3026 690 3081 effectu
700 3035 810 3080 tantum
819 3025 847 3079 in
858 3024 1026 3095 quibusdam
1035 3026 1204 3096 corporibus,
1215 3045 1325 3100 congre·

169 3108 849 3180 ganshomogeneaetdlsgreganslreterogma?
877 3125 911 3162 ac
919 3107 942 3162 si
951 3107 1058 3164 diceres
1067 3110 1211 3164 hominem
1220 3110 1326 3166 animal

173 3209 237 3248 esse
255 3191 376 3246 carduos
390 3201 418 3247 et
436 3203 528 3247 sentes
545 3193 675 3260 evellens,
692 3202 719 3246 et
737 3192 828 3262 fruges
848 3207 951 3256 serens,
965 3209 1028 3246 cum
1044 3191 1119 3248 istud
1136 3193 1171 3248 sit
1189 3195 1326 3265 agricolae

175 3275 406 3330 studium.’'—De
420 3276 538 3342 Mundo,
551 3275 612 3343 dre,
626 3273 643 3329 i.
656 3291 680 3330 c.
694 3275 746 3330 26!
785 3277 838 3329 Mr.
853 3275 933 3329 Ellis·
946 3286 1020 3331 note.

210 3357 232 3390 ⁰²
249 3358 324 3414 That
337 3356 361 3413 is
372 3368 402 3412 to
415 3375 466 3428 say
478 3359 486 3386 ‘
494 3374 543 3413 are
556 3366 604 3412 not
618 3357 742 3428 peculiar
753 3369 782 3413 to
798 3358 872 3426 beat,
886 3358 935 3413 but
952 3360 1037 3414 result
1055 3361 1121 3430 only
1133 3361 1327 3432 accidentally,

174 3443 296 3511 through
309 3442 356 3496 the
369 3441 603 3512 instrumentality
613 3441 645 3496 ol
654 3443 715 3496 that
728 3451 829 3512 agent;
849 3442 898 3497 the
910 3452 971 3498 true
984 3459 1068 3500 cause
1081 3445 1165 3514 being
1176 3446 1226 3501 the
1236 3446 1327 3502 desire

174 3525 203 3581 in
217 3526 265 3580 the
277 3526 486 3594 homogeneous
499 3535 576 3596 parts
592 3526 624 3580 ol
632 3525 744 3594 coming
754 3525 898 3596 together!
934 3527 978 3580 To
987 3527 1159 3583 understand
1170 3530 1218 3584 the
1227 3547 1327 3585 reason

174 3609 259 3679 given
271 3609 309 3678 by
319 3611 424 3677 Bacon,
436 3608 527 3664 ‘idern
540 3609 617 3663 enirn
628 3609 694 3664 lacit
707 3609 812 3679 lrigus,'
822 3627 863 3664 we
876 3618 950 3664 must
964 3612 1093 3666 recollect
1103 3612 1163 3666 that
1172 3613 1220 3667 the
1230 3613 1328 3668 defini·

175 3693 235 3748 tion
245 3691 278 3746 ol
284 3693 291 3720 ‘
299 3693 459 3762 proprium,'
468 3692 497 3746 in
507 3693 556 3747 the
565 3692 739 3748 Text-books
750 3693 780 3748 ol
789 3693 833 3748 his
843 3692 920 3762 time,
930 3711 988 3748 was
998 3694 1091 3764 ‘quod
1100 3695 1231 3750 convenit
1241 3696 1327 3764 omni,

175 3775 237 3840 soli,
251 3786 278 3831 et
291 3777 419 3846 semper!

211 3855 234 3889 ⁹³
253 3859 307 3914 See
320 3858 368 3915 the
380 3869 445 3915 next
458 3859 625 3930 paragraph.
664 3860 690 3914 lt
703 3860 777 3915 need
789 3859 889 3929 hardly
898 3861 934 3915 be
946 3860 1078 3930 repeated
1091 3861 1152 3914 that
1164 3861 1260 3915 Bacun
1271 3864 1328 3918 had

175 3962 213 4001 no
231 3943 295 4000 idea
310 3947 340 4001 oi
355 3947 403 4002 the
420 3955 481 4002 true
498 3947 615 4002 relation
632 3947 664 4002 oi
676 3947 741 4002 beat
757 3947 815 4002 aud
831 3947 903 4012 cold,
915 3964 948 4001 as
964 3946 1092 4002 different
1109 3946 1224 4016 degrees
1238 3949 1271 4003 ol
1280 3949 1328 4005 the

176 4051 254 4089 earne
270 4035 475 4104 phenomenon.
511 4035 574 4090 The
590 4035 693 4105 phrase
705 4035 830 4104 ‘change
848 4033 880 4088 ol
894 4035 1095 4105 temperature'
1110 4034 1202 4089 would
1217 4035 1329 4093 include

175 4117 255 4184 both,
268 4116 324 4171 and
337 4117 357 4172 it
369 4116 458 4187 might
471 4118 544 4172 have
557 4117 684 4189 supplied
697 4117 756 4172 him
769 4117 836 4172 with
848 4135 865 4172 a
877 4118 932 4189 key
945 4128 973 4174 tu
985 4117 1029 4172 his
1042 4117 1209 4173 difficulties.

212 4199 235 4231 ⁸¹
253 4202 308 4255 See
320 4199 349 4254 ii.
362 4213 394 4270 25
408 4201 446 4255 ad
458 4201 514 4268 fin,
527 4201 592 4256 with
606 4212 695 4257 notes.
751 4207 755 4216 '

213 4281 236 4314 '⁶
253 4283 331 4338 With
344 4285 445 4353 regard
457 4293 487 4337 to
500 4282 587 4353 urine,
601 4301 633 4339 as
645 4284 764 4340 affected
777 4283 816 4354 by
827 4283 900 4350 cold,
913 4300 961 4340 see
975 4285 1025 4338 Dr.
1037 4285 1180 4340 Watson¹s
1195 4287 1329 4342 Lectores

177 4381 215 4421 on
229 4367 277 4422 the
291 4366 444 4438 Principles
456 4367 514 4422 and
528 4367 655 4424 Practice
667 4369 698 4423 ol
708 4367 819 4438 Physic‚
834 4368 881 4438 5th
895 4367 958 4436 Ed,
970 4369 1046 4422 Lect.
1057 4380 1100 4435 70,
1110 4369 1163 4423 vol.
1174 4369 1201 4424 ii.
1212 4387 1239 4440 p.
1250 4383 1311 4437 702.

214 4451 255 4504 As
273 4459 302 4504 to
321 4450 415 4517 blood,
429 4453 525 4505 Bacon
545 4450 569 4505 is
587 4450 616 4505 in
634 4467 719 4507 error.
756 4453 812 4507 ‘So
825 4451 867 4506 lar
885 4451 956 4506 lrom
973 4451 1149 4522 coagulation
1165 4453 1249 4522 being
1265 4471 1330 4523 pro·

178 4533 275 4589 moted
288 4533 326 4604 by
338 4533 419 4604 cold,'
432 4551 498 4604 says
511 4535 561 4589 Dr.
576 4535 730 4607 Carpenter
743 4534 908 4607 (Principles
921 4535 953 4592 ol
963 4535 1077 4590 Human
1091 4536 1267 4607 Physiology,
1280 4537 1329 4606 9th
