3250 5138
391 394 457 464 574
767 391 922 446 NOVUM
943 389 1162 447 ORGANUM.

391 555 509 620 lortius
538 553 708 619 attrahant
733 565 898 634 ventosae,
929 565 1055 640 ponant
1085 556 1242 640 spongias
1271 555 1422 639 frigidas¹
1449 577 1508 640 aqu

393 659 595 724 madefactas
625 678 724 741 super
747 670 902 724 ventosas
911 655 934 722 ².
982 659 1100 742 Itaque
1130 681 1195 724 non
1226 672 1277 726 est
1307 680 1364 725 cur
1391 661 1510 724 homine

392 751 533 829 multum
566 762 627 826 sibi
660 773 809 828 metuant
842 764 885 827 de
917 763 1004 828 sacili
1034 765 1128 829 exitu
1159 764 1242 828 a'e'ris
1271 774 1329 830 aut
1358 766 1510 848 spirituurr

392 867 487 933 Licet
502 867 590 930 enim
613 887 727 931 verum
751 868 793 930 sit
816 868 918 932 etiam
941 868 1140 933 solidissima
1161 889 1300 953 corpora
1321 870 1439 934 habere
1459 891 1510 933 sun

390 992 499 1056 poros,
522 981 635 1035 tamen
658 992 755 1054 aegre
780 972 904 1054 patitur
930 978 986 1036 ae'r
1011 982 1068 1037 aut
1093 972 1227 1055 spiritus
1249 973 1510 1039 comminutioner

390 1076 440 1140 sui
471 1077 513 1140 ad
539 1085 667 1139 tantam
694 1076 931 1154 subtilitatem3
969 1077 1250 1158 quemadmodum
1276 1087 1310 1141 et
1339 1098 1422 1160 aqua
1446 1077 1510 1142 exit

391 1189 519 1246 recusat
535 1199 594 1264 per
609 1181 726 1243 rimam
742 1180 972 1244 minusculam.

433 1281 483 1370 (2)
507 1284 560 1348 De
595 1285 739 1349 secundo
771 1305 851 1350 vero
885 1286 986 1350 modo
1015 1307 1061 1349 ex
1091 1295 1220 1368 septem
1250 1285 1425 1370 praedictis
1454 1285 1507 1348 illu

391 1388 551 1471 imprimis
575 1389 757 1452 notandum
776 1397 835 1462 est,
851 1388 960 1452 valere
978 1399 1066 1453 certe
1089 1391 1349 1473 compressiones
1371 1400 1405 1454 et
1425 1388 1510 1472 hujus

391 1493 480 1555 modi
513 1491 687 1556 violentias
718 1492 762 1555 ad
796 1501 924 1556 motum
956 1489 1106 1566 localem,
1135 1504 1238 1575 atque
1270 1493 1334 1557 alia
1364 1492 1396 1556 id
1424 1513 1510 1576 genu

389 1596 638 1676 potentissime3
674 1605 710 1660 ut
740 1596 772 1658 in
805 1595 963 1660 machinis
993 1605 1027 1661 et
1054 1597 1250 1662 missilibus:
1284 1599 1385 1662 etiam
1411 1599 1452 1661 ad
1477 1598 1510 1660 dr

389 1699 604 1764 structionem
635 1700 781 1781 corporis
812 1700 967 1781 organici,
992 1711 1093 1783 atque
1123 1721 1235 1764 earum
1265 1701 1422 1764 virtutum
1450 1719 1510 1782 qua

389 1804 572 1868 consistunt
602 1803 700 1885 plane
731 1803 763 1866 in
794 1813 895 1867 motu.
941 1802 1058 1868 Omnis
1088 1804 1174 1868 enim
1205 1805 1281 1882 vita,
1309 1805 1410 1867 immo
1436 1805 1510 1868 etiar

388 1909 495 1971 omnis
520 1906 655 1970 flamma
681 1916 714 1970 et
740 1906 878 1990 ignitio³
902 1907 1083 1971 destruitur
1106 1927 1165 1990 per
1190 1909 1468 1991 compressiones;
1499 1929 1510 1970 t

388 2022 422 2076 et
448 2011 555 2075 omnis
576 2009 737 2075 'machina
767 2011 986 2093 corrumpitur
1012 2020 1045 2074 et
1072 2010 1282 2077 confunditur
1308 2032 1367 2093 per
1393 2014 1510 2076 easden

388 2115 502 2180 Etiam
518 2116 560 2180 ad
576 2115 833 2180 destructionem
845 2116 1002 2180 virtutum
1019 2136 1105 2198 quae
1121 2117 1307 2181 consistunt
1323 2117 1354 2180 in
1372 2117 1507 2199 posituri

387 2231 421 2284 et
451 2218 708 2284 dissimilan'tate
738 2220 881 2303 partium
908 2219 1008 2302 paulo
1035 2221 1212 2290 crassiore:
1249 2229 1286 2283 ut
1311 2221 1345 2283 in
1371 2219 1510 2285 coloribt

386 2320 609 2410 (nequeenim
627 2323 715 2386 idem
732 2323 822 2386 color
836 2322 924 2387 floris
945 2322 1062 2406 integri
1084 2334 1117 2386 et
1138 2325 1276 2402 contusi,
1291 2345 1398 2407 neque
1414 2325 1511 2388 succir

387 2428 505 2510 integri
526 2437 560 2492 et
580 2423 807 2510 pulverizati);
830 2427 929 2490 etiam
950 2426 983 2490 in
1003 2426 1177 2510 saporibus
1195 2423 1315 2512 (neque
1336 2428 1424 2492 enim
1449 2429 1511 2492 ider

386 2552 486 2615 sapor
505 2531 578 2615 pyri
603 2531 780 2605 immaturi,
796 2540 830 2594 et
853 2530 1001 2612 ejusdem
1025 2531 1203 2613 compressi
1226 2551 1265 2595 ac
1287 2532 1436 2608 subacti;
1459 2553 1509 2594 nar

386 2635 561 2700 manifesto
576 2634 786 2699 dulcedinem
803 2633 962 2716 majorem
979 2632 1145 2719 concipit).
1175 2635 1300 2699 Verum
1321 2636 1363 2698 ad
1380 2635 1509 2699 translo

386 2740 546 2803 mationes
569 2749 602 2802 et
625 2737 836 2803 alterationes
858 2738 1041 2801 nobiliores
1056 2757 1228 2820 corporum
1252 2738 1447 2802 similarium
1470 2761 1509 2801 nc

386 2844 526 2908 multum
537 2843 647 2907 valent
659 2843 742 2906 istae
753 2841 945 2920 violentiae,
969 2841 1047 2923 quia
1059 2862 1196 2925 corpora
1209 2862 1267 2924 per
1278 2862 1333 2906 eas
1346 2861 1413 2906 non
1426 2861 1509 2924 acqu

384 2959 459 3012 runt
476 2945 722 3012 consistentiam
738 2945 884 3028 aliquam
901 2965 1021 3008 novam
1037 2954 1244 3009 constantem
1257 2953 1291 3010 et
1301 2946 1508 3028 quiescenter

418 3167 428 3200 ¹
450 3171 503 3222 Mr.
523 3169 594 3222 Ellis
613 3183 749 3238 proposes
767 3175 797 3220 to
815 3166 882 3221 read
901 3165 1012 3235 frigida,
1029 3165 1121 3222 which
1140 3167 1163 3222 is
1182 3167 1377 3237 undoubtedly
1395 3167 1445 3222 the
1464 3168 1508 3237 rig

382 3251 467 3306 word.
505 3251 559 3306 See
572 3253 620 3306 the
633 3249 854 3320 corresponding
867 3267 987 3319 passage
1000 3250 1027 3304 in
1042 3251 1089 3306 the
1103 3250 1231 3305 Historia
1244 3249 1334 3306 Densi
1345 3261 1374 3306 et
1387 3251 1467 3304 Rari.

417 3333 429 3366 ²
447 3336 541 3390 These
552 3334 740 3403 experiments
753 3351 801 3388 are
812 3335 872 3387 also
885 3333 1032 3387 described
1047 3333 1074 3388 in
1091 3333 1139 3387 the
1159 3331 1286 3388 Historia
1304 3333 1395 3388 Densi
1413 3345 1442 3389 et
1461 3336 1507 3388 Ra

383 3421 417 3474 E.
430 3420 488 3473 and
502 3421 539 3485 5.,
553 3419 606 3472 vol.
620 3417 645 3472 ii.
660 3436 687 3486 p.
701 3418 769 3482 2673
795 3416 823 3470 in
836 3417 884 3470 the
903 3415 1093 3485 Cogitationes
1112 3418 1157 3472 De
1176 3419 1286 3472 Natura
1302 3419 1419 3483 Rerum,
1432 3419 1489 3472 vol.
1503 3418 1507 3472 i

383 3520 431 3573 pp.
449 3515 536 3570 24-53
555 3502 613 3555 aud
633 3501 660 3554 in
681 3501 729 3554 the
750 3499 948 3554 Phaenomena
967 3499 1107 3567 Universi,
1125 3501 1178 3555 vol.
1196 3500 1234 3555 iii.
1250 3519 1278 3572 p.
1296 3514 1357 3568 711.
1395 3503 1424 3555 N
1428 3503 1508 3556 otwit

382 3585 515 3654 standing
527 3586 600 3639 what
615 3586 666 3637 Dr.
682 3583 798 3638 Kitchin
812 3599 885 3651 says,
901 3585 911 3637 l
926 3594 1030 3638 cannot
1043 3599 1089 3638 see
1102 3584 1164 3639 that
1178 3586 1296 3639 Bacon's
1308 3585 1495 3655 explanation

380 3671 428 3723 the
440 3679 507 3734 text,
521 3686 552 3723 so
563 3669 606 3722 lar
617 3685 649 3723 as
661 3667 682 3722 it
694 3685 771 3738 goes,
785 3667 809 3720 is
821 3683 933 3735 wrong;
953 3667 1059 3736 though
1073 3667 1108 3721 be
1122 3667 1257 3737 certainly
1267 3685 1324 3722 was
1337 3677 1387 3722 not
1401 3685 1499 3723 aware

380 3752 428 3807 the
438 3769 568 3822 pressure
581 3752 612 3805 ol
621 3753 670 3806 the
683 3751 870 3821 atmospbere,
881 3751 937 3805 and
951 3749 979 3804 in
992 3751 1040 3804 the
1054 3750 1180 3804 Historia
1194 3751 1283 3806 Densi
1295 3762 1323 3806 et
1337 3751 1407 3806 Rari
1419 3753 1457 3806 he
1469 3753 1506 3806 hir

380 3837 434 3890 seli
449 3837 534 3890 refers
545 3825 601 3890 ‘the
619 3834 706 3903 rising
724 3835 754 3889 ol
769 3835 818 3890 the
835 3833 906 3888 liesh
921 3833 1016 3888 within
1034 3834 1082 3889 the
1101 3833 1313 3904 cupping·glass
1332 3844 1363 3890 to
1383 3837 1506 3890 attracti

380 3921 447 3990 ‘per
460 3929 566 3974 motum
579 3919 684 3973 uenus.¹
734 3919 804 3986 Still,
818 3919 854 3972 he
868 3918 890 3971 is
903 3917 976 3986 right
990 3917 1018 3971 in
1031 3917 1219 3988 maintaining
1230 3919 1290 3974 that
1304 3919 1352 3974 the
1365 3919 1506 3990 ‘quantur

380 4004 412 4057 ol
425 4005 475 4058 the
491 4003 608 4058 rarelied
625 4002 667 4056 air
679 4000 776 4056 within
792 4000 840 4054 the
858 4017 910 4070 cup
927 4000 950 4054 is
967 4009 1015 4054 not
1032 4000 1213 4068 diminisbed,
1230 4001 1280 4056 but
1298 4003 1365 4071 only
1384 4003 1436 4057 the
1454 4021 1505 4072 spa

379 4087 471 4140 which
485 4086 504 4140 it
519 4085 677 4156 previously
687 4084 761 4138 rilled
774 4085 934 4138 contracted
948 4085 985 4152 by
995 4083 1115 4153 cooling.
1152 4086 1214 4140 The
1224 4095 1310 4140 water
1318 4103 1351 4140 or
1359 4085 1434 4140 llesh
1446 4087 1505 4139 whi

380 4169 404 4223 is
417 4171 535 4224 covered
549 4169 586 4238 by
599 4170 647 4223 the
660 4169 751 4222 vessel
763 4167 841 4232 rises,
855 4183 887 4221 as
902 4167 949 4222 the
966 4167 1068 4222 beated
1085 4167 1128 4222 air
1143 4169 1219 4222 cools
1236 4168 1293 4222 and
1310 4179 1470 4236 connects,
1485 4170 1507 4222 tl

380 4252 467 4321 rising
479 4251 572 4321 being,
585 4269 617 4306 as
630 4268 670 4305 we
683 4267 745 4304 now
758 4249 847 4317 lrnoru
861 4249 915 4304 due
928 4259 957 4305 to
974 4250 1022 4305 the
1039 4267 1168 4320 pressure
1185 4251 1217 4306 ol
1229 4252 1278 4306 the
1294 4251 1486 4322 atmospbere

379 4336 426 4392 the
439 4346 516 4405 parts
529 4336 560 4388 ol
569 4336 616 4389 the
630 4333 737 4389 surlace
749 4334 873 4388 external
884 4343 914 4387 to
926 4335 974 4388 the
986 4335 1085 4389 vessel.

414 4417 426 4447 ³
445 4417 642 4488 Compression
655 4428 724 4484 acts,
734 4417 762 4470 in
771 4416 828 4472 this
838 4433 911 4485 case,
922 4418 959 4486 by
969 4416 1101 4488 stopping
1110 4417 1158 4473 the
1168 4418 1269 4489 supply
1278 4418 1310 4474 ol
1319 4435 1434 4492 oxygen
1446 4419 1504 4473 whi

379 4499 531 4555 maintains
544 4501 592 4557 the
604 4499 787 4556 combustion.
