3308 5152
418 382 638 439 nsxcrron
655 381 849 440 Anninsr
868 383 1116 444 Anisrornn.
1304 393 1344 462 79

192 547 333 610 omnibus
346 549 462 623 veritas,
475 549 611 610 nondum
626 559 672 610 est
685 558 839 626 occupata
876 550 1009 610 Multum
1023 568 1060 610 ex
1075 551 1125 609 illa
1138 550 1227 609 etiam
1239 551 1344 610 futuris

192 647 327 706 relictum
346 657 392 708 est
400 647 438 705 ⁸¹!
479 649 547 708 The
565 646 724 724 obscurity,
740 647 912 724 ambiguity‚
928 648 989 708 and
1008 648 1137 725 subtlety
1152 649 1187 708 of
1202 649 1344 709 Aristotle

192 744 217 804 is
231 763 250 803 a
263 745 364 804 theme
377 755 410 805 to
421 745 519 804 which
532 746 570 805 he
581 745 748 821 constantly
760 756 877 805 reverts.
909 745 982 806 ‘Sed
993 746 1084 805 redeo
1097 747 1158 822 jam
1168 746 1208 805 ad
1220 764 1344 823 eaquae

191 841 231 902 de
242 843 408 902 Aristotelis
422 843 563 919 operibus
577 861 736 921 coeperam
747 843 854 904 dicere.
884 844 964 904 Vicit
979 844 1028 904 ille
1039 844 1163 920 quidem
1177 845 1344 921 superiores

191 959 298 1000 omnes
311 950 402 1017 atque
412 942 503 1000 etiarn
515 953 658 1018 posteros,
672 951 717 1000 est
727 951 829 1000 autem
840 941 870 1000 in
881 942 1056 1002 deliniendo
1067 943 1147 1002 vafer
1157 953 1187 1002 et
1198 944 1341 1018 occultus,

190 1038 269 1098 adeo
284 1049 316 1097 ut
330 1040 471 1116 pleraque
485 1040 544 1100 sint
558 1040 670 1099 idcirco
685 1039 716 1098 in
730 1039 795 1115 ejus
815 1040 1005 1116 philosophia
1024 1040 1136 1100 incerta
1151 1051 1180 1100 et
1194 1041 1342 1117 perplexa,

190 1154 294 1212 parum
307 1137 396 1196 etiam
407 1157 483 1211 vera,
496 1137 570 1198 dum
584 1138 677 1215 magis
688 1147 779 1210 curat,
792 1155 883 1214 quem
898 1138 928 1196 in
944 1138 1069 1198 modum
1080 1139 1342 1214 reprehensionem

190 1234 336 1308 excludat,
352 1253 444 1311 quam
464 1246 497 1295 ut
515 1246 627 1296 asserat
645 1253 758 1295 verum.
774 1233 788 1266 *
806 1234 821 1266 *
839 1233 853 1266 *
871 1233 963 1295 *Sed
982 1235 1135 1295 enimvero
1154 1254 1253 1314 neque
1268 1237 1343 1298 haec

190 1332 255 1408 ipsa
269 1333 436 1394 Aristotelis
450 1335 604 1394 volumina
620 1334 797 1411 potuerunt’
815 1328 868 1413 [sc.
885 1330 1065 1414 nominales]
1084 1335 1271 1412 ‘intelligere
1288 1335 1342 1410 pri-

191 1449 274 1489 mum
295 1443 416 1508 propter
435 1432 620 1491 locutionem
640 1431 799 1506 astrictam,
815 1441 845 1492 et
866 1449 903 1492 ex
924 1430 1067 1492 brevitate
1088 1431 1255 1506 obscuram,
1271 1433 1342 1491 hinc

190 1540 310 1606 propter
323 1529 473 1589 intricatas
484 1541 514 1590 et
525 1530 663 1607 obliquas
675 1531 845 1604 sententias,
858 1540 922 1589 tum
934 1531 1025 1590 etiam
1036 1530 1077 1590 ob
1088 1530 1264 1590 immodicas
1275 1529 1343 1590 sub

189 1627 318 1700 tilitates,
330 1627 440 1704 quibus
450 1628 625 1688 Aristoteles
637 1628 813 1705 plerumque
824 1646 886 1688 non
897 1629 1013 1688 exacuit
1024 1629 1152 1705 ingenia,
1164 1630 1218 1689 sed
1233 1640 1343 1706 pertur-

190 1723 241 1784 bat
259 1736 289 1784 et
302 1725 416 1803 frangit,
433 1726 632 1803 tenebrasque
654 1736 683 1784 et
705 1726 969 1786 hallucinationem
990 1726 1105 1786 inducit
1126 1727 1200 1786 aciei
1222 1728 1343 1803 mentis,

189 1822 263 1883 dum
277 1834 402 1883 conatur
416 1825 556 1883 minutias
567 1824 713 1901 quasdam
727 1825 917 1884 tenuissimas
932 1823 1099 1897 ostendere,
1112 1835 1142 1884 et
1156 1825 1275 1885 inutiles
1289 1844 1342 1903 per

189 1939 231 1993 se,
243 1932 273 1980 et
287 1939 364 1998 quae
378 1922 575 1982 intentionem
590 1922 712 1982 obtutus
723 1922 834 1998 ingenii
845 1907 1062 1998 stibterfugiant
1075 1941 1112 1981 ac
1122 1923 1342 1983 fmstrentur⁸².'

191 2019 279 2078 More
292 2020 480 2097 specifically‚
490 2019 580 2080 Vives
599 2019 713 2080 attacks
727 2020 778 2080 the
798 2021 875 2097 logie
889 2021 925 2082 of
936 2021 1078 2081 Aristotle
1092 2021 1124 2079 in
1138 2032 1230 2081 terms
1243 2023 1340 2082 which

189 2117 267 2176 recal
282 2127 313 2176 to
327 2136 362 2176 us
376 2118 428 2178 the
442 2119 586 2196 language
601 2119 636 2177 of
651 2120 763 2192 Bacon,
779 2119 840 2178 and
855 2119 983 2195 perhaps
998 2119 1057 2177 still
1071 2137 1154 2178 more
1169 2119 1203 2178 of
1215 2122 1338 2182 Ramus.

189 2214 275 2274 After
288 2215 431 2292 speaking
445 2217 480 2276 of
489 2217 540 2276 the
554 2216 721 2275 dialectical
736 2216 860 2276 method
874 2217 910 2276 of
918 2217 1026 2276 Plato’s
1040 2216 1201 2293 distingues,
1214 2218 1275 2277 and
1288 2219 1340 2279 the

188 2331 286 2389 germs
300 2315 335 2373 of
345 2315 451 2390 logical
465 2325 601 2391 precepts
612 2313 709 2374 which
719 2332 770 2373 are
783 2323 815 2373 to
826 2313 865 2374 be
877 2314 971 2374 found
983 2315 1014 2373 in
1025 2315 1116 2388 them,
1129 2315 1167 2375 he
1182 2317 1339 2391 proceeds:

190 2411 264 2471 ‘Sed
278 2411 402 2472 indubie
413 2412 587 2473 Aristoteles
598 2430 665 2472 eam
681 2412 711 2470 in
725 2412 795 2473 artis
806 2413 914 2472 faciem
926 2412 1050 2486 reduxit,
1063 2424 1095 2472 ut
1109 2423 1139 2472 et
1154 2414 1341 2473 rhetoricam.

189 2508 358 2584 Caeterum,
369 2511 451 2587 quod
463 2510 550 2570 liceat
561 2529 631 2570 cum
641 2509 722 2570 bona
731 2511 818 2570 venia
828 2510 936 2584 dicere,
949 2523 1155 2588 praeterquam
1165 2512 1248 2588 quod
1257 2531 1340 2572 more

188 2625 244 2666 suo
265 2607 400 2681 obscure,
416 2620 446 2668 et
467 2609 587 2685 prolixe,
603 2608 692 2667 etiarn
713 2626 820 2683 parum
840 2619 909 2684 apte
929 2609 970 2668 ad
990 2627 1078 2669 usum
1100 2609 1146 2668 vel
1167 2609 1340 2670 inveniendi

187 2715 362 2781 argumenta
388 2706 435 2765 vel
461 2705 616 2782 judicandi
644 2706 924 2783 argumentationes.
968 2707 1068 2767 Nemo
1093 2716 1137 2766 est
1162 2707 1252 2780 enim,
1278 2708 1338 2784 qui,

188 2803 408 2879 quantumlibet
429 2804 586 2881 diligenter
602 2804 680 2863 lecta
700 2814 730 2864 et
751 2822 876 2864 excussa
896 2804 1033 2864 universa
1047 2805 1214 2864 Aristotelis
1234 2805 1338 2881 logica,

188 2901 296 2960 sentiat
307 2919 339 2960 se
351 2901 581 2960 instrumentum
591 2899 710 2976 habere,
723 2919 784 2978 quo
797 2901 828 2960 in
838 2902 938 2980 aliqua
948 2901 988 2961 ad
998 2901 1206 2962 disserendum
1218 2903 1340 2964 materia

187 3010 361 3076 argumenta
374 3000 406 3059 in
420 3010 560 3077 promptu
575 3001 723 3076 excogitet
732 2999 771 3060 ''.’

229 3099 400 3158 Paracelsus
424 3096 467 3176 (b.
492 3117 577 3174 1493,
598 3097 627 3158 d.
655 3097 755 3177 1541),
778 3116 811 3157 as
839 3097 933 3174 might
955 3096 994 3158 be
1019 3098 1165 3173 expected
1187 3099 1263 3157 from
1288 3098 1340 3158 the
1398 3156 1400 3171 ,

187 3197 376 3272 eccentricity
391 3197 425 3256 of
435 3196 481 3254 his
495 3196 655 3270 character,
670 3195 785 3256 attacks
799 3196 941 3256 Aristotle
956 3195 1026 3255 with
1040 3214 1123 3256 more
1136 3197 1264 3272 asperity
1278 3195 1340 3255 and
1399 3210 1402 3233 ¹

186 3312 359 3354 coarseness
374 3296 409 3354 of
419 3295 590 3372 expression
604 3295 679 3354 than
696 3314 755 3371 any
769 3295 805 3355 of
819 3295 870 3354 the
884 3295 994 3354 writers
1007 3294 1126 3371 already
1141 3294 1229 3354 cited
1272 3295 1340 3354 The

186 3391 336 3470 following
356 3404 482 3452 extracts
496 3393 554 3451 will
567 3393 670 3453 suffice
683 3412 716 3452 as
731 3393 883 3470 examples
897 3394 932 3452 of
942 3393 994 3452 the
1008 3403 1079 3453 tone
1093 3393 1155 3452 and
1169 3410 1294 3452 manner
1308 3393 1343 3451 of

188 3490 234 3548 his
248 3491 365 3550 attack:

229 3589 292 3648 ‘Ex
307 3589 500 3666 Philosophia
514 3609 533 3649 a
546 3591 648 3667 primis
664 3591 743 3650 illico
760 3590 825 3666 ejus
844 3589 1033 3649 incunabulis
1052 3607 1173 3649 muscus
1192 3589 1341 3650 excrevit:

219 3785 237 3814 ⁸¹
255 3787 284 3836 ln
296 3787 374 3838 libros
384 3788 416 3839 de
429 3789 576 3854 Disciplinis
588 3790 718 3840 Praefatio.
753 3790 790 3839 Id.
801 3805 826 3854 p.
836 3803 892 3852 525·
926 3789 956 3840 In
967 3789 1009 3840 the
1020 3796 1119 3839 context
1131 3788 1160 3839 of
1168 3789 1217 3839 this
1225 3805 1340 3856 passage,

185 3864 255 3915 there
266 3881 307 3915 are
320 3867 414 3917 seveml
425 3875 550 3918 sentences
561 3867 643 3918 which
655 3869 750 3918 remind
762 3885 791 3917 ns
807 3869 836 3918 of
850 3869 940 3918 Bacon.
974 3867 1053 3926 Thus,
1065 3868 1096 3917 he
1113 3882 1169 3931 says
1183 3868 1238 3917 that
1254 3877 1340 3918 nature

186 3945 208 3992 is
218 3951 262 3992 not
274 3943 345 3994 effere
356 3961 385 3993 or
395 3945 538 4005 exhausted,
551 3949 594 3995 ‘ut
605 3945 668 3995 nihil
680 3945 804 4010 prioribus
816 3946 887 3994 annis
898 3945 981 3995 simile
992 3942 1088 4009 periat,’
1100 3945 1143 3994 bnt
1155 3945 1236 3995 rather
1246 3945 1288 3996 the
1299 3961 1339 3995 ex·

186 4021 299 4086 perienoe
308 4023 338 4071 of
347 4023 389 4072 the
401 4030 458 4087 past
469 4024 548 4089 ought
565 4032 592 4073 to
608 4023 695 4074 enable
712 4041 741 4074 ns
759 4025 795 4073 far
809 4033 837 4075 to
852 4025 958 4088 ontstrip
974 4038 1020 4072 our
1035 4023 1211 4088 predecessore
1246 4024 1282 4073 At
1298 4023 1339 4074 the

185 4114 254 4148 nme
265 4099 335 4160 time,
343 4100 375 4149 he
387 4101 475 4151 claims
487 4117 520 4151 no
531 4102 679 4166 superiority
689 4101 727 4151 for
736 4101 843 4163 himself,
852 4118 899 4152 nor
908 4102 970 4152 does
982 4102 1013 4153 he
1024 4102 1075 4151 aim
1087 4109 1112 4151 at
1121 4100 1242 4164 founding
1253 4116 1268 4150 a
1280 4111 1338 4152 sect.

184 4181 191 4202 ⁸
202 4175 291 4242 Neque
302 4193 360 4228 vero
372 4179 424 4244 ipse
435 4179 535 4246 aequari
547 4196 588 4230 me
603 4181 713 4245 antiquis
724 4181 776 4230 illis
788 4181 899 4247 postulo,
912 4181 956 4230 sed
972 4181 1081 4230 rationes
1098 4195 1183 4228 eorum
1200 4179 1340 4244 comparari

184 4271 241 4304 cum
253 4255 330 4306 meis’
364 4257 503 4322 ‘Equidem
515 4266 543 4307 nt
558 4259 589 4308 de
605 4274 645 4308 me
661 4273 711 4306 uuo
728 4259 822 4324 loquar,
834 4258 913 4308 nolim
931 4274 1070 4324 quenquam
1088 4273 1114 4306 se
1130 4256 1193 4305 mihi
1209 4255 1339 4307 addicere:

184 4350 229 4384 nec
240 4341 312 4383 antor
323 4351 431 4400 unquam
443 4345 534 4398 sectae,
542 4353 587 4386 nec
599 4352 685 4386 suasor
696 4352 748 4397 ero,
759 4338 836 4387 etiam
848 4339 869 4387 si
880 4338 907 4386 in
919 4353 975 4386 mea
985 4339 1059 4387 verbs
1067 4334 1197 4400 jurandum
1210 4333 1258 4384 sit'

217 4411 236 4440 '²
254 4413 294 4462 De
306 4414 394 4464 Causis
405 4414 586 4480 Corruptarum
598 4414 707 4478 Artium,
719 4415 762 4467 lib.
774 4433 796 4466 r.
811 4416 882 4468 Bule
894 4416 996 4466 Edition
1008 4413 1036 4464 of
1048 4427 1120 4479 1555,
1132 4429 1156 4482 p.
1169 4425 1224 4480 410.

217 4488 236 4516 ⁰
253 4491 290 4540 Id.
305 4492 395 4542 libili.
408 4509 434 4559 p.
447 4503 504 4558 375.
