3344 5152
680 375 936 433 PRAEFATIo.
1323 372 1380 454 187

231 559 289 610 eos
308 538 435 623 fugiant
455 549 514 604 aut
534 549 750 622 praetereant.
796 540 946 624 Quarum
968 543 1073 624 prima
1092 541 1283 624 hujusmodi
1307 551 1381 620 est;

231 642 300 706 fieri
325 643 395 708 fato
421 645 568 726 quodam
595 641 646 730 (ut
675 642 917 730 existimamus)
942 646 1039 718 bono,
1066 648 1110 711 ad
1139 646 1381 729 extinguendas

231 757 265 812 et
291 746 503 831 depellendas
528 749 808 813 contradictiones
834 758 868 813 et
891 760 1039 814 tumores
1063 751 1259 828 animorum,
1284 761 1321 815 ut
1348 761 1382 816 et

229 852 393 916 veteribus
416 852 577 917 honoret
600 853 780 917 reverentia
808 853 930 918 intacta
955 863 989 916 et
1016 855 1190 918 imminuta
1217 865 1381 932 maneant,

231 965 265 1019 et
280 976 340 1021 nos
355 957 520 1021 destinata
535 955 689 1040 perficere
706 966 740 1020 et
755 967 867 1022 tamen
887 958 1068 1022 modestiae
1087 968 1220 1022 nostrae
1239 959 1380 1022 fructum

230 1060 397 1143 percipere
426 1061 600 1144 possimus.
646 1061 736 1140 Nam
766 1081 837 1138 nos,
863 1062 891 1124 si
917 1060 1132 1144 profiteamur
1158 1083 1218 1126 nos
1245 1062 1382 1126 meliora

232 1163 347 1228 afferre
369 1184 469 1247 quam
493 1165 631 1247 antiqui,
654 1166 793 1229 eandem
820 1185 921 1246 quarn
945 1163 991 1228 illi
1014 1166 1102 1230 viam
1125 1165 1268 1249 ingressi,
1291 1166 1381 1231 nulla

230 1269 406 1332 verborum
435 1278 508 1332 arte
537 1269 665 1334 efficere
695 1269 868 1351 possimus,
897 1269 977 1350 quin
1011 1268 1183 1334 inducatur
1215 1272 1381 1352 quaedam

232 1373 352 1454 ingenii
380 1372 433 1436 vel
466 1371 682 1437 excellentiae
707 1371 761 1436 vel
787 1372 953 1437 facultatis
978 1374 1183 1457 comparatio
1208 1360 1279 1438 sive
1304 1395 1381 1439 con-

232 1477 355 1553 tentio;
393 1497 460 1542 non
497 1498 536 1540 ea
565 1478 700 1559 quidem
735 1476 850 1542 illicita
881 1487 939 1541 aut
975 1478 1260 1560 nova3-quidni
1293 1479 1380 1541 enim

232 1581 396 1665 possimus
412 1601 475 1663 pro
492 1581 565 1663 jure
583 1590 696 1645 nostro
711 1578 832 1664 (neque
852 1601 893 1645 eo
908 1581 981 1664 ipso
996 1582 1072 1655 alio,
1090 1600 1191 1664 quam
1209 1581 1380 1667 omnium),

231 1686 258 1748 si
280 1687 360 1768 quid
383 1687 473 1768 apud
494 1706 552 1749 eos
574 1704 639 1749 non
661 1694 750 1750 recte
771 1686 938 1749 inventum
959 1694 1018 1750 aut
1040 1687 1184 1768 positum
1205 1686 1256 1762 sit,
1273 1707 1381 1769 repre·

231 1789 374 1853 heudere
388 1799 446 1853 aut
464 1799 579 1853 notare
590 1789 705 1854 i—sed
725 1799 836 1853 tamen
853 1798 1019 1871 utcunque
1034 1789 1123 1871 justa
1139 1799 1196 1854 aut
1212 1791 1382 1872 permissa,

232 1892 445 1958 nihilominus
461 1894 568 1976 impar
583 1893 720 1958 fortasse
735 1893 848 1956 fuisset
864 1913 903 1956 ea
920 1894 990 1977 ipsa
1010 1894 1187 1972 contentio,
1203 1895 1248 1958 ob
1262 1895 1379 1958 virium

233 2006 418 2062 nostrarum
442 2000 589 2062 modum.
633 1997 757 2061 Vemm
781 2016 884 2079 quum
915 2017 974 2078 per
995 2017 1056 2060 nos
1082 1995 1163 2061 illud
1190 2007 1317 2080 agatur,
1345 2009 1380 2062 ut

232 2101 296 2166 alia
312 2103 446 2166 omnino
457 2102 512 2164 via
528 2099 705 2166 intellectui
719 2102 885 2185 aperiatur
900 2099 963 2164 illis
979 2101 1141 2166 intentata
1156 2111 1189 2165 et
1205 2103 1380 2186 incognita,

233 2215 436 2270 commutata
447 2205 519 2290 jam
536 2207 621 2270 ratio
636 2215 706 2282 est;
729 2214 857 2269 cessant
879 2205 1026 2270 studium
1045 2216 1079 2270 et
1099 2215 1232 2290 partes3
1255 2226 1381 2288 nosque

233 2310 347 2375 indicis
376 2311 610 2374 tantummodo
643 2330 817 2393 personam
848 2310 1055 2388 sustinemus,
1085 2310 1176 2392 quod
1207 2311 1381 2375 mediocris

232 2424 321 2478 certe
355 2425 406 2479 est
435 2414 654 2491 authoritatis,
683 2422 718 2477 et
750 2413 901 2478 fortunae
933 2413 1105 2495 cujusdam
1137 2415 1248 2495 potius
1279 2435 1379 2497 quam

231 2518 396 2583 facultatis
426 2527 459 2582 et
490 2517 717 2582 excellentiae.
762 2517 879 2600 Atque
915 2517 996 2582 haec
1033 2518 1148 2582 moniti
1180 2519 1307 2601 species
1337 2520 1379 2582 ad

232 2642 388 2705 personas
409 2622 572 2705 pertinet3
602 2621 706 2686 altera
729 2623 771 2685 ad
796 2642 847 2685 res
870 2621 965 2704 ipsas

276 2726 348 2790 Nos
370 2727 534 2809 siquidem
557 2728 600 2791 de
622 2726 830 2791 deturbanda
851 2744 995 2807 eaquae
1016 2744 1102 2788 nunc
1117 2723 1213 2788 floret
1233 2725 1380 2808 philoso-

230 2831 316 2912 phia
333 2841 390 2895 aut
405 2832 433 2894 si
448 2850 534 2913 quae
554 2830 619 2894 alia
640 2832 682 2894 sit
701 2839 759 2893 aut
779 2829 841 2894 erit
861 2829 923 2893 hac
944 2830 1150 2894 emendatior
1172 2838 1230 2893 aut
1245 2830 1380 2906 auctior,

233 2935 367 2999 minime
390 2935 584 3000 laboramus·
630 2934 749 3017 Neque
772 2935 861 2998 enim
884 2933 1053 3012 officimus,
1069 2935 1148 3016 quin
1170 2932 1380 3017 philosophia

232 3041 294 3104 ista
316 3050 457 3123 recepta,
477 3048 511 3103 et
533 3040 618 3102 aliae
640 3039 674 3101 id
696 3059 809 3121 genus,
828 3039 1072 3122 disputationes
1094 3038 1193 3116 alant,
1211 3058 1380 3104 sermones

232 3152 358 3222 ornent,
387 3144 430 3208 ad
463 3142 660 3226 professoria
693 3162 826 3207 munera
859 3151 893 3206 et
925 3141 1013 3207 vitae
1046 3142 1150 3206 civilis
1182 3143 1381 3226 compendia

232 3248 449 3313 adhibeantur
471 3256 505 3312 et
527 3247 667 3311 valeant.
714 3245 804 3329 Quin
830 3247 930 3309 etiam
956 3255 1072 3329 aperte
1096 3245 1320 3328 significamus
1347 3256 1379 3309 et

232 3351 446 3430 declaramus,
462 3373 536 3417 eam
552 3372 653 3435 quam
675 3373 735 3416 nos
756 3351 951 3415 adducimus
971 3349 1215 3434 philosophiam
1237 3351 1280 3414 ad
1301 3351 1381 3414 istas

233 3476 284 3520 res
307 3457 489 3521 admodum
515 3455 630 3520 utilem
654 3476 720 3520 non
742 3455 893 3519 futuram.
939 3455 1017 3519 Non
1040 3465 1172 3540 praesto
1196 3465 1254 3530 est,
1272 3475 1379 3537 neque

232 3561 418 3624 intransitu
434 3562 573 3643 capitur,
589 3580 695 3642 neque
713 3581 757 3624 ex
776 3560 1047 3644 praenotionlbus
1066 3560 1244 3624 intellectui
1260 3559 1378 3623 bland-

232 3664 305 3741 itur,
328 3683 434 3747 neque
460 3664 503 3729 ad
529 3663 619 3748 vulgi
648 3674 783 3746 captum
812 3663 874 3727 nisi
904 3684 963 3746 per
992 3663 1169 3729 utilitatem
1200 3674 1233 3728 et
1262 3663 1381 3728 effecta

231 3769 417 3832 descendet.

275 3870 349 3936 Sint
371 3872 482 3954 itaque
497 3870 600 3957 (quod
616 3871 719 3937 foelix
735 3872 945 3954 faustumque
966 3871 1009 3935 sit
1029 3871 1159 3954 utrique
1179 3871 1279 3956 parti)
1295 3872 1380 3936 duae

231 3976 451 4040 doctrinamm
473 3977 706 4051 emanationes,
721 3996 761 4040 ac
780 3977 866 4040 duae
886 3976 1167 4058 dispensationes;
1189 3977 1275 4039 duae
1290 3976 1379 4039 simi·

231 4078 306 4144 liter
334 4080 627 4163 contemplantium
658 4083 726 4145 sive
751 4081 1056 4165 philosophantium
1083 4080 1188 4144 tribus
1215 4099 1253 4143 ac
1279 4077 1379 4141 veluti

230 4185 463 4267 cognationes3
500 4196 600 4268 atque
634 4184 709 4249 illae
738 4187 930 4268 neutiquam
960 4185 1046 4247 inter
1075 4203 1112 4247 se
1142 4183 1291 4246 inimicae
1320 4192 1380 4245 aut

229 4288 368 4363 alienae,
398 4291 456 4353 sed
491 4288 678 4353 foederatae
712 4299 746 4353 et
779 4289 904 4353 mutuis
936 4285 1069 4352 auxiliis
1102 4287 1295 4350 devinctae:
1338 4286 1379 4349 sit

230 4391 373 4473 denique
396 4391 462 4457 alia
485 4394 635 4458 scientias
661 4393 802 4471 colendi,
825 4391 889 4456 alia
914 4392 1099 4456 inveniendi
1127 4391 1220 4454 ratio.
1265 4391 1380 4472 Atque

230 4495 350 4577 quibus
373 4498 480 4580 prima
501 4497 610 4580 potior
641 4506 673 4561 et
700 4499 866 4581 acceptior
892 4507 950 4574 est,
977 4497 1021 4560 ob
1046 4494 1302 4569 festinationem,
1328 4493 1378 4558 vel
