3280 5238
257 371 322 452 448
637 375 1031 433 Novunonomvmr.

259 543 413 621 ticularis,
442 555 602 626 tanquam
637 543 839 626 magnalium
868 553 902 607 et
933 563 1071 627 operum
1104 541 1344 627 magistralium
1373 549 1416 606 et

261 651 408 714 maxime
429 647 648 732 perlectorum
671 647 703 710 in
726 667 923 730 unaquaque
946 648 1101 731 ipsarum,
1119 667 1183 712 una
1205 668 1279 711 cum
1301 647 1418 711 modis

260 755 439 820 effectionis
457 754 525 818 sive
543 753 750 835 operationis.

304 858 423 941 Neque
445 869 556 922 tamen
579 857 791 940 astringimus
811 853 1026 940 diligentiam,
1046 876 1132 939 quae
1150 855 1339 920 adhibenda
1360 864 1415 918 est

262 966 294 1028 in
317 963 506 1045 hujusmodi
530 961 678 1038 collecta,
698 961 741 1026 ad
764 982 803 1025 ea
825 983 911 1045 quae
935 969 1109 1025 censentur
1131 982 1191 1044 pro
1214 959 1415 1044 magisteriis

261 1076 295 1132 et
311 1067 436 1132 arcanis
458 1064 594 1148 alicujus
614 1065 694 1130 artis
714 1075 854 1143 tantum,
870 1074 969 1148 atque
992 1075 1125 1129 movent
1145 1064 1413 1129 admirationem.

262 1170 453 1235 Admiratio
477 1170 566 1233 enim
589 1169 698 1253 proles
725 1179 774 1233 est
798 1169 962 1244 raritatis:
987 1169 1152 1251 siquidem
1176 1188 1256 1246 rara,
1275 1168 1354 1232 licet
1376 1167 1413 1229 in

261 1295 380 1360 genere
394 1275 460 1338 sint
475 1295 519 1337 ex
534 1271 676 1356 vulgatis
691 1271 823 1346 naturis,
840 1282 953 1336 tamen
968 1272 1222 1338 admirationem
1237 1272 1376 1357 pariunt

306 1379 355 1444 At
386 1388 509 1455 contra,
532 1397 618 1460 quae
645 1398 758 1442 revera
784 1377 996 1441 admirationi
1027 1397 1098 1442 esse
1124 1375 1247 1441 debent
1277 1386 1413 1459 propter

262 1483 517 1567 discrepantiam
536 1502 622 1563 quae
645 1482 730 1545 inest
752 1479 815 1545 illis
839 1481 871 1544 in
891 1481 1000 1564 specie
1020 1479 1148 1546 collatis
1170 1482 1214 1544 ad
1237 1480 1317 1544 alias
1337 1500 1412 1564 spe·

262 1588 338 1662 cies,
362 1596 474 1651 tamen
497 1585 523 1649 si
548 1587 580 1648 in
604 1606 664 1648 usu
689 1583 843 1649 familiari
867 1594 999 1669 praesto
1023 1585 1089 1649 sint
1111 1582 1225 1648 leviter
1245 1593 1411 1648 notantur.

264 1691 398 1755 Debent
417 1700 528 1755 autem
547 1691 654 1754 notari
673 1690 838 1753 monadica
860 1689 949 1766 artis,
967 1709 1033 1753 non
1055 1690 1162 1753 minus
1183 1709 1284 1772 quam
1304 1709 1412 1750 mono-

262 1795 336 1858 dica
360 1805 516 1870 naturae:
542 1794 585 1857 de
608 1794 728 1877 quibus
752 1803 850 1858 antea
875 1793 1022 1858 diximus
1032 1791 1068 1858 ²³.
1113 1793 1230 1875 Atque
1251 1793 1412 1875 quemad-

264 1900 403 1963 modum
428 1897 460 1961 in
482 1898 658 1962 morrodz'cis
683 1907 819 1961 naturae
846 1897 1015 1980 posuimus
1038 1897 1152 1971 solem,
1175 1896 1296 1972 lunam,
1320 1916 1412 1979 mag-

264 2011 385 2078 netem,
399 2012 433 2065 et
449 2001 577 2080 similia,
592 2023 677 2084 quae
698 2023 733 2064 re
748 2001 974 2084 vulgatissima
992 2011 1068 2064 sunt
1088 2001 1145 2064 sed
1167 2011 1284 2064 natura
1301 2010 1412 2064 tamen

264 2106 330 2171 sere
344 2105 519 2189 singulari:
544 2107 631 2170 idem
648 2116 682 2171 et
697 2107 739 2170 de
755 2105 929 2169 :nonodzkis
943 2106 1023 2168 artis
1040 2104 1225 2169 faciendum
1241 2115 1300 2169 est.

310 2208 467 2291 Exempli
489 2211 613 2291 gratia3
639 2210 795 2273 instantia
816 2209 982 2272 monadica
1002 2209 1082 2272 artis
1105 2219 1154 2272 est
1174 2229 1340 2292 papyrus;
1362 2229 1412 2270 res

265 2314 447 2378 admodum
470 2314 616 2396 vulgata.
661 2311 712 2376 At
735 2313 761 2376 si
789 2313 963 2396 diligenter
984 2314 1131 2377 animum
1158 2313 1320 2389 advertas,
1344 2333 1412 2376 ma-

265 2419 368 2482 teriae
395 2416 581 2482 artificiales
607 2425 666 2480 aut
692 2416 791 2501 plane
814 2418 950 2481 textiles
974 2429 1051 2482 sunt
1075 2437 1134 2500 per
1157 2414 1213 2480 fila
1235 2417 1358 2481 directa
1380 2426 1413 2480 et

266 2532 469 2599 transversa3
493 2521 603 2604 qualia
623 2531 701 2585 sunt
719 2541 846 2605 pannus
866 2523 995 2598 sericus,
1014 2530 1071 2586 aut
1092 2520 1213 2596 laneus,
1233 2531 1268 2585 et
1286 2521 1414 2594 linteus,

266 2636 301 2690 et
316 2625 525 2707 hujusmodi:
548 2634 606 2689 aut
622 2635 894 2709 coagmentantur
912 2647 956 2689 ex
977 2625 1083 2689 succis
1101 2625 1281 2702 concretis3
1305 2624 1415 2707 qualia

266 2741 343 2794 sunt
362 2730 453 2806 later,
472 2739 529 2794 aut
550 2729 665 2812 argilla
685 2728 839 2812 figularis,
858 2741 915 2794 aut
933 2729 1064 2808 vitrum,
1081 2739 1138 2794 aut
1157 2729 1296 2793 esmalta
1307 2726 1342 2808 ²⁴,
1357 2738 1414 2792 aut

266 2833 462 2918 porcellana,
489 2843 522 2896 et
547 2833 685 2912 similia;
716 2835 850 2915 quaesi
877 2835 962 2897 bene
986 2835 1140 2897 uniantur
1161 2831 1343 2917 splendent,
1366 2833 1416 2896 sin

268 2939 383 3015 minus,
403 2939 595 3002 indurantur
617 2946 713 3015 certe,
733 2940 874 3002 sednon
897 2938 1080 3022 splendent.
1126 2937 1287 3002 Attamen
1304 2937 1416 3000 omnia

267 3043 355 3119 talia,
382 3063 468 3123 quae
492 3041 577 3106 fiunt
603 3063 646 3105 ex
678 3043 783 3106 succis
810 3042 978 3118 concretis,
1003 3052 1078 3106 sunt
1106 3042 1243 3125 fragilia,
1266 3060 1326 3106 nec
1349 3040 1416 3104 ullo

268 3147 369 3209 modo
395 3144 561 3208 haerentia
587 3155 621 3209 et
645 3145 782 3209 tenacia.
827 3144 877 3208 At
903 3154 1026 3223 contra,
1050 3165 1197 3229 papyrus
1223 3156 1273 3210 est
1299 3165 1417 3228 corpus

268 3259 379 3324 tenax,
394 3248 485 3330 quod
507 3249 611 3312 scindi
635 3258 668 3312 et
690 3247 824 3312 lacerari
848 3249 972 3332 possit;
1000 3249 1046 3314 ita
1069 3259 1106 3312 ut
1129 3249 1273 3313 imitetur
1295 3260 1328 3313 et
1351 3250 1418 3312 sere

268 3352 451 3416 aemuletur
483 3351 602 3434 pellem
637 3352 707 3416 sive
740 3354 966 3418 membranam
1001 3352 1139 3435 alicujus
1172 3353 1330 3431 animalis,
1360 3362 1417 3416 aut

268 3455 382 3520 solium
416 3455 554 3536 alicujus
585 3457 788 3538 vegetabilis,
819 3468 852 3521 et
881 3457 1071 3540 hujusmodi
1105 3456 1237 3540 opificia
1271 3467 1418 3526 naturae.

269 3560 358 3623 Nam
375 3580 480 3641 neque
498 3560 621 3641 fragilis
641 3571 700 3639 est,
716 3571 753 3625 ut
767 3562 909 3639 vitrum;
932 3582 1038 3643 neque
1059 3561 1194 3638 textilis,
1213 3570 1250 3625 ut
1271 3582 1418 3646 pannus;

270 3663 328 3726 sed
351 3661 453 3726 habet
477 3662 574 3727 fibras
597 3673 692 3742 certe,
713 3685 780 3728 non
803 3663 858 3728 fila
881 3665 1045 3742 distincta,
1065 3666 1200 3729 omnino
1219 3668 1262 3731 ad
1282 3668 1418 3729 modurn

271 3768 481 3831 materiarum
504 3769 720 3832 naturalium:
745 3780 781 3833 ut
804 3771 888 3834 inter
910 3769 1095 3834 artificiales
1118 3771 1272 3835 materias
1289 3770 1348 3833 vix
1371 3770 1418 3832 in·

269 3875 419 3939 veniatur
441 3875 548 3939 simile
571 3875 715 3957 aliquod,
738 3877 796 3940 sed
823 3877 867 3941 sit
892 3876 990 3960 plane
1012 3873 1215 3941 monadicum
1224 3875 1260 3938 ²⁵.
1305 3875 1420 3959 Atque

306 4129 327 4162 ²³
345 4132 419 4202 Aph.
433 4133 476 4187 28.

306 4212 329 4244 ²⁴
348 4215 468 4270 ‘Italian
484 4214 500 4242 “
508 4216 637 4284 smalto,''
653 4215 816 4282 “ismalto,''
829 4217 947 4270 enamcl.
984 4217 1047 4272 The
1060 4217 1136 4272 word
1149 4217 1173 4273 is
1188 4218 1344 4273 connected
1355 4218 1422 4272 with

272 4298 320 4352 the
332 4299 534 4367 Anglo-Saxon
548 4300 564 4327 “
573 4300 709 4369 Myltan,”
724 4309 752 4354 to
765 4301 831 4354 melt
844 4318 876 4354 or
889 4300 985 4354 smelt.’
1014 4302 1064 4355 Dr.
1079 4301 1217 4355 Kitchin's
1231 4311 1304 4356 note.

306 4377 329 4410 ²⁶
349 4383 403 4435 Mr.
417 4381 488 4435 Ellis
501 4399 583 4451 says:
605 4383 648 4437 ‘lt
661 4381 685 4436 is
697 4382 807 4436 curious
821 4383 881 4438 that
896 4385 991 4438 Bacon
1010 4385 1111 4439 should
1125 4395 1173 4439 not
1186 4385 1258 4440 have
1275 4383 1423 4440 remarked

272 4463 333 4518 that
343 4465 379 4518 all
389 4465 436 4519 the
447 4464 574 4534 qualities
582 4465 649 4521 here
659 4465 821 4522 mentioned
829 4467 931 4536 belong
941 4477 970 4522 to
977 4467 1026 4522 lelt
1036 4484 1067 4522 as
1075 4469 1136 4523 well
1145 4485 1177 4524 as
1186 4479 1216 4524 to
1226 4469 1328 4542 papen'
