3342 5152
276 419 340 506 438
657 416 813 473 NOVUM
833 415 1048 512 onGANUM.

277 605 316 658 ut
345 592 379 656 in
408 587 530 653 fabrica
557 582 699 648 universi
727 593 836 646 motus
861 583 1042 647 viventium
1069 582 1252 667 plerunque
1276 583 1428 650 videatur

278 693 430 781 expediri
446 713 505 777 per
520 687 755 772 quaterniones
770 697 902 751 artuum
918 687 986 752 sive
1002 687 1195 752 flexionem.

324 801 411 864 Item
427 797 542 862 dente
564 793 597 856 in
619 789 815 855 animalibus
835 791 1052 867 terrestribus,
1067 803 1102 858 et
1122 801 1227 858 rostra
1249 794 1282 858 in
1304 794 1429 870 avibus,

280 913 356 969 sunt
378 900 556 966 instantiae
577 897 779 979 conformes;
803 897 891 960 unde
910 895 1121 960 manifestum
1144 909 1203 975 est,
1219 899 1252 962 in
1275 899 1430 963 omnibus

281 1005 480 1074 animalibus
523 999 674 1085 perfectis
710 997 811 1062 fluere
847 999 966 1064 duram
1004 1004 1171 1080 quandam
1210 1003 1428 1067 substantiam

281 1132 394 1178 versus
408 1131 456 1175 os.
990 1093 995 1102 ’

327 1216 414 1279 Item
445 1231 511 1275 uon
538 1208 683 1274 absurda
713 1217 763 1271 est
794 1207 978 1272 similitudo
1008 1218 1042 1273 et
1072 1209 1285 1274 conformitas
1307 1209 1371 1286 illa,
1394 1220 1431 1272 ut

281 1321 385 1386 homo
415 1318 458 1382 sit
485 1324 647 1396 tanquam
677 1310 791 1393 planta
820 1311 956 1376 inversa.
1015 1311 1103 1376 Nam
1130 1314 1227 1377 radix
1257 1334 1431 1378 nervorum

283 1427 323 1490 et'
338 1421 530 1487 facultatum
557 1414 749 1480 animalium
772 1422 822 1478 est
840 1423 960 1497 caput3
991 1427 1102 1498 partes
1124 1426 1236 1482 autem
1258 1417 1433 1482 seminales

283 1537 360 1594 sunt
394 1523 536 1600 infimae,
568 1539 634 1584 non
669 1518 871 1602 computatis
908 1521 1174 1585 extremitatibus
1207 1521 1361 1586 tibiarum
1400 1530 1433 1586 et

283 1630 501 1697 brachiorum.
546 1624 596 1688 At
626 1623 660 1686 in
690 1623 813 1707 planta,
838 1623 935 1687 radix
964 1619 1063 1708 (quae
1091 1625 1194 1688 instar
1222 1626 1341 1708 capitis
1369 1623 1434 1711 est)

285 1733 476 1821 regulariter
491 1727 605 1792 infimo
621 1727 695 1792 loco
709 1726 909 1801 collocatur;
932 1728 1058 1792 semina
1075 1739 1187 1792 autem
1203 1749 1368 1813 supremo.

331 1838 485 1919 Denique
500 1831 580 1896 illud
600 1831 737 1896 omnino
753 1831 1020 1914 praecipiendum
1037 1841 1087 1896 est
1102 1841 1137 1897 et
1152 1834 1284 1917 saepius
1300 1853 1436 1897 monen-

286 1945 386 2019 dum3
409 1951 446 2005 ut
460 1936 633 2020 diligentia
653 1934 824 1998 hominum
841 1935 874 1997 in
890 1935 1098 2017 inquisitione
1113 1947 1147 2001 et
1161 1939 1314 2019 congerie
1329 1939 1435 2002 Natu·

286 2048 364 2113 ralis
376 2043 543 2109 Historiae
552 2041 710 2123 deinceps
719 2048 865 2102 mutetur
874 2039 980 2122 plane,
991 2049 1024 2104 et
1033 2049 1181 2105 vertatur
1192 2041 1224 2104 in
1235 2042 1435 2106 contrarium

287 2151 358 2233 ejus
375 2149 466 2232 quod
483 2165 568 2210 nunc
585 2144 618 2206 in
634 2162 694 2207 usu
710 2151 770 2206 est.
810 2142 936 2225 Magna
951 2143 1038 2206 enim
1054 2142 1223 2227 hucusque
1237 2155 1337 2228 atque
1352 2146 1455 2210 adeo'

288 2254 418 2322 curiosa
439 2250 501 2315 fuit
527 2247 701 2311 hominum
729 2245 891 2309 industria
914 2247 947 2309 in
970 2247 1118 2311 notanda
1145 2269 1253 2313 rerum
1280 2249 1437 2314 varietate

288 2371 390 2442 atque
406 2351 612 2437 explicandis
632 2350 792 2415 accuratis
807 2349 1009 2424 animalium,
1026 2350 1212 2428 herbarum,
1230 2364 1263 2417 et
1278 2334 1437 2418 fossilium

289 2459 502 2535 differentiis3
527 2473 665 2538 quarum
683 2454 860 2537 pleraeque
875 2454 980 2536 magis
995 2463 1071 2517 sunt
1087 2454 1176 2519 lusus
1187 2466 1323 2520 naturae
1338 2476 1438 2539 quam

288 2566 391 2632 seriae
408 2559 547 2643 alicujus
563 2557 715 2622 utilitatis
731 2577 842 2620 versus
860 2557 1021 2621 scientias.
1068 2557 1208 2623 Faciunt
1223 2569 1312 2623 certe
1327 2558 1438 2641 hujus-

290 2669 380 2735 modi
395 2687 446 2732 res
461 2665 503 2730 ad
520 2662 782 2738 delectationem,
794 2670 894 2743 atque
909 2662 1009 2725 etiam
1025 2662 1226 2745 quandoque
1241 2664 1284 2727 ad
1300 2664 1418 2746 praxin
1431 2687 1439 2738 3

288 2792 402 2840 verum
424 2771 467 2835 ad
490 2766 780 2850 introspiciendam
797 2776 947 2830 naturam
971 2787 1087 2849 parum
1110 2776 1168 2830 aut
1187 2766 1275 2830 nihil.
1322 2767 1440 2850 Itaque

289 2873 512 2944 convertenda
527 2870 624 2955 plane
640 2879 690 2933 est
706 2889 807 2953 opera
822 2871 865 2933 ad
881 2870 1089 2952 inquirendas
1105 2880 1139 2934 et
1154 2871 1319 2934 notandas
1331 2892 1439 2935 rerum

290 2978 520 3047 similitudines
545 2985 578 3039 et
604 2972 755 3056 analoga,
777 2983 846 3037 tam
865 2973 897 3036 in
921 2974 1135 3058 integralibus
1158 2995 1258 3057 quarn
1282 2976 1439 3058 partibus.

292 3086 375 3150 Illae
390 3083 478 3148 enim
497 3088 574 3144 sunt
598 3097 683 3160 quae
704 3089 855 3142 naturam
878 3077 1003 3154 uniunt,
1020 3089 1053 3142 et
1073 3077 1274 3142 constituere
1289 3079 1442 3144 scientias

292 3182 498 3269 incipiunt⁹¹.

335 3291 462 3356 Verum
478 3289 511 3352 in
526 3287 576 3351 his
592 3287 727 3351 omnino
743 3297 792 3349 est
807 3285 997 3350 adhibenda
1012 3285 1123 3350 cautio
1138 3285 1246 3370 gravis
1261 3295 1295 3350 et
1310 3307 1442 3363 severa3

292 3405 330 3460 ut
339 3393 542 3478 accipiantur
558 3411 618 3475 pro
634 3391 805 3455 instantiis
815 3389 1035 3472 conformibus
1048 3399 1082 3453 et
1090 3391 1345 3472 proportionalis
1361 3390 1444 3470 illae,

293 3519 379 3583 quae
403 3499 563 3561 denotant
582 3494 812 3558 similitudines
831 3490 882 3580 (ut
904 3495 947 3558 ab
968 3494 1062 3559 initio
1083 3491 1245 3580 diximus)
1268 3494 1444 3578 physicas;

294 3605 328 3668 id
349 3611 409 3678 est,
426 3600 529 3664 reales
550 3609 584 3663 et
605 3599 837 3663 substantiales
859 3607 892 3661 et
910 3598 1081 3662 immersas
1103 3599 1135 3661 in
1154 3608 1280 3676 natura,
1299 3620 1364 3663 non
1380 3600 1443 3664 for-

294 3707 397 3772 tuitas
413 3714 445 3769 et
461 3705 504 3768 ad
520 3703 663 3787 speciem
679 3725 686 3783 ;
710 3703 815 3767 multo
837 3703 944 3766 minus
959 3703 1203 3786 superstitiosas
1218 3712 1274 3767 aut
1290 3705 1444 3782 curiosas,

295 3810 410 3896 quales
433 3805 589 3873 naturalis
612 3808 742 3890 magiae
757 3809 931 3891 scriptores
940 3804 966 3842 ⁰²
981 3805 1145 3892 (homines
1168 3807 1332 3885 levissimi,
1355 3817 1388 3872 et
1412 3810 1445 3871 in

296 3917 394 3980 rebus
415 3923 484 3977 tam
508 3913 600 3977 seriis
623 3912 736 3995 quales
760 3931 845 3975 nunc
867 3912 997 3994 agimus
1014 3910 1072 3973 vix
1093 3908 1300 3995 nominandi)
1323 3912 1446 3994 ubique

331 4101 352 4133 ⁹¹
372 4102 465 4156 These
485 4101 611 4155 remarks
629 4117 677 4155 are
696 4098 796 4168 hardly
808 4099 916 4167 worthy
932 4097 962 4152 of
979 4099 1097 4152 Becon's
1116 4097 1299 4167 penetration.
1336 4101 1379 4154 To
1397 4101 1446 4156 the

297 4185 450 4242 successful
471 4183 668 4252 investigation
689 4183 721 4236 of
739 4181 849 4237 science
870 4181 890 4236 it
913 4181 936 4236 is
958 4180 1034 4252 quite
1056 4198 1087 4235 as
1108 4180 1240 4236 essential
1262 4191 1291 4236 to
1314 4193 1379 4238 note
1398 4183 1446 4237 the

297 4269 461 4324 differences
471 4284 502 4322 as
513 4268 561 4322 the
571 4266 776 4322 resemblances
786 4266 818 4320 of
826 4263 930 4335 things.
956 4265 1010 4319 His
1021 4274 1144 4320 contrast
1157 4265 1188 4319 of
1198 4266 1245 4320 the
1256 4275 1310 4320 two
1319 4267 1446 4336 opposed

297 4353 400 4410 mental
414 4362 494 4422 types
508 4351 537 4405 in
550 4349 566 4406 i.
582 4363 612 4420 55
628 4351 651 4405 is
664 4349 707 4404 far
716 4349 806 4420 juster
818 4349 876 4402 and
889 4349 1009 4403 sounder
1021 4350 1089 4403 than
1103 4347 1158 4404 this
1172 4349 1340 4419 paragraph.

333 4433 354 4465 '²
373 4437 425 4505 Cp.
445 4436 490 4490 De
509 4434 683 4504 Augmentis‚
697 4433 734 4487 iii.
751 4446 774 4503 5,
787 4433 844 4487 and
863 4431 964 4486 Aditus
983 4433 1021 4486 ad
1041 4431 1197 4487 Historiam
1217 4430 1400 4502 Sympatbiae
1419 4443 1446 4490 et

298 4517 480 4588 Antipathiae
493 4520 597 4573 Rerum
612 4518 657 4586 (E.
670 4517 727 4571 and
740 4518 778 4584 S.‚
791 4517 844 4571 vol.
858 4516 883 4570 ii.
897 4533 923 4586 p.
938 4515 991 4584 81).
