3292 5138
365 403 431 478 500
745 403 900 460 novun
920 403 1138 460 ornanum.

366 571 514 644 domant,
534 568 701 650 subigunt,
726 568 890 644 ordinant,
915 580 948 633 et
970 578 1092 651 cogunt
1116 590 1171 634 aas
1195 569 1340 646 adunari,
1363 570 1521 654 separari,

366 675 550 749 consistere,
572 673 706 748 moveri,
723 673 886 750 collocari,
907 692 973 736 non
992 693 1037 736 ex
1060 673 1229 737 desideriis
1249 675 1324 746 suis,
1341 676 1400 738 sed
1417 685 1521 759 prout

367 779 407 852 in
417 777 531 841 ordine
546 777 587 840 sit
602 786 635 840 et
650 777 815 841 conducat
833 778 875 840 ad
895 779 980 840 bene
998 797 1068 841 esse
1083 778 1185 860 partis
1202 777 1288 842 illius
1305 779 1500 862 imperantis
1513 803 1521 855 ;

367 882 453 946 adeo
473 891 509 944 ut
530 883 573 944 sit
590 881 685 963 quasi
700 880 860 963 Regimen
881 892 913 947 et
929 879 1055 944 Politia
1074 883 1246 963 quaedam,
1264 903 1365 964 quam
1384 890 1523 946 exercet

368 1005 443 1068 pars
469 1005 585 1066 regens
613 985 646 1046 in
672 995 783 1066 partes
813 984 971 1048 subditas
1027 983 1162 1048 Eminet
1190 995 1302 1049 autem
1329 985 1381 1050 hic
1408 997 1523 1049 motus

368 1089 543 1173 praecipue
567 1089 599 1151 in
621 1089 790 1171 spiritibus
811 1089 1012 1166 animalium,
1027 1089 1084 1171 qui
1106 1100 1216 1153 motus
1236 1110 1352 1153 omnes
1373 1091 1521 1174 partium

369 1195 577 1276 reliquarum,
602 1193 762 1274 quamdiu
792 1193 863 1275 ipse
893 1193 925 1255 in
954 1192 1066 1276 vigore
1096 1205 1155 1270 est,
1179 1203 1416 1276 contemperat.
1464 1195 1521 1257 In-

368 1299 497 1362 venitur
517 1307 628 1361 autem
647 1297 679 1360 in
698 1297 771 1360 aliis
792 1297 984 1378 corporibus
1005 1297 1037 1359 in
1054 1299 1159 1380 gradu
1179 1299 1326 1379 quodam
1348 1297 1522 1375 inferiore3

368 1402 650 1485 quemadmodum
673 1401 800 1466 dictum
827 1412 877 1465 est
903 1403 946 1464 de
971 1401 1130 1483 sanguine
1156 1411 1190 1464 et
1214 1402 1323 1478 urinis,
1346 1422 1432 1483 quae
1454 1423 1521 1465 non

369 1506 542 1571 solvuntur
567 1507 673 1570 donec
699 1506 842 1588 spiritus,
863 1506 919 1588 qui
945 1514 1056 1587 partes
1083 1526 1196 1568 earum
1223 1506 1458 1570 commiscebat
1486 1517 1521 1568 et

369 1609 554 1687 cohibebat,
581 1611 718 1672 emissus
744 1610 840 1672 suerit
870 1617 927 1672 aut
951 1608 1137 1673 suffocatus.
1184 1609 1301 1692 Neque
1325 1611 1385 1673 iste
1409 1620 1522 1673 motus

370 1715 506 1779 omnino
532 1715 702 1798 spiritibus
726 1714 876 1798 proprius
901 1725 961 1788 est,
988 1713 1064 1778 licet
1089 1714 1122 1776 in
1145 1713 1307 1796 plerisque
1328 1715 1522 1798 corporibus

369 1819 505 1902 spiritus
535 1819 746 1882 dominentur
774 1819 818 1883 ob
849 1830 978 1882 motum
1008 1817 1148 1883 celerem
1183 1829 1215 1882 et
1247 1821 1519 1900 penetrationem.

370 1923 595 1987 Veruntamen
609 1923 641 1984 in
654 1920 846 2004 corporibus
862 1923 968 2003 magis
978 1922 1195 1996 condensatis,
1209 1941 1269 1986 nee
1280 1924 1396 2005 spiritu
1407 1924 1521 1986 vivido

371 2037 405 2090 et
434 2027 566 2108 vigente
595 2023 717 2110 (qualis
753 2027 836 2089 inest
870 2035 1008 2108 argento
1037 2025 1112 2089 vivo
1143 2036 1176 2089 et
1206 2023 1350 2110 vitrioio)
1376 2026 1520 2108 repletis,

370 2132 582 2196 dominantur
602 2131 713 2214 potius
728 2139 837 2214 partes
853 2131 1044 2206 crassiores;
1072 2131 1157 2193 adeo
1178 2141 1214 2194 ut
1236 2130 1296 2194 nisi
1316 2131 1465 2194 fraenum
1486 2141 1521 2193 et

368 2234 485 2317 jugum
508 2233 572 2299 hoc
593 2245 663 2297 arte
685 2235 795 2316 aliqua
817 2234 1013 2306 excutiatur,
1031 2235 1074 2296 de
1094 2252 1179 2297 nova
1200 2233 1310 2316 aliqua
1332 2233 1521 2316 hujusmodi

371 2358 547 2422 corporum
578 2337 866 2401 transformatione
899 2337 1036 2400 minime
1069 2339 1267 2420 sperandum
1297 2340 1347 2402 sit.
1403 2339 1521 2420 Neque

371 2463 450 2506 vero
475 2443 638 2525 quispiam
669 2462 730 2505 nos
763 2442 886 2504 oblitos
915 2461 986 2504 esse
1017 2441 1185 2504 existimet
1216 2441 1287 2522 ejus
1315 2443 1405 2524 quod
1435 2461 1520 2505 nunc

372 2549 500 2632 agitur3
530 2548 607 2630 quia
632 2567 707 2610 curn
738 2547 800 2610 ista
825 2547 924 2609 series
954 2554 987 2610 et
1011 2544 1202 2610 distributio
1229 2555 1380 2610 motuum
1406 2547 1449 2610 ad
1475 2545 1521 2608 nil

371 2652 461 2716 aliud
480 2661 615 2734 spectet,
633 2672 734 2734 quam
756 2662 793 2715 ut
813 2650 943 2714 illorum
959 2649 1247 2732 praedominantia
1266 2672 1324 2735 per
1344 2650 1523 2715 instantias

372 2755 477 2820 luctae
507 2754 623 2820 melius
653 2756 844 2838 inquiratur,
869 2754 939 2836 jam
971 2755 1056 2818 inter
1086 2765 1196 2819 motus
1225 2756 1313 2838 ipsos
1335 2755 1520 2837 praedomi-

374 2859 507 2923 nantr‘ae
523 2861 723 2923 mentionem
739 2859 905 2922 faciamus,
945 2857 1021 2923 Non
1035 2858 1121 2920 eninr
1139 2859 1171 2921 in
1183 2859 1404 2942 descriptione
1419 2869 1522 2922 moins

375 2962 468 3028 istius
496 2965 589 3045 regii,
615 2964 658 3026 de
679 2963 967 3045 praedominantia
997 2973 1147 3026 motuum
1171 2973 1228 3027 aut
1253 2964 1411 3027 virtutum
1439 2973 1523 3028 trac·

313 3134 316 3142 ,
373 3079 492 3144 tamus,
510 3069 569 3131 sed
592 3069 635 3130 de
650 3067 937 3149 praedominantia
958 3067 1101 3149 partium
1127 3066 1159 3128 in
1178 3068 1381 3148 corporibus.
1428 3067 1522 3131 Haec

374 3172 462 3235 enirn
496 3193 535 3234 ea
568 3181 618 3234 est
647 3169 946 3253 praedominantia,
976 3190 1062 3252 quae
1098 3171 1243 3254 speciem
1281 3173 1378 3234 istam
1414 3183 1521 3234 motus

374 3274 571 3358 peculiarem
590 3276 767 3338 constituit

418 3374 489 3464 (17)
514 3377 565 3442 Sit
582 3379 697 3442 Motus
714 3379 871 3442 Decimus
891 3376 1069 3461 Septimus,
1085 3377 1199 3442 Motus
1213 3379 1402 3443 Rotationis
1419 3379 1521 3460 Spon-

377 3493 489 3546 tanens
498 3482 543 3555 ⁵⁵,·
564 3502 732 3564 perquem
748 3503 886 3566 corpora
901 3493 994 3547 motu
1009 3483 1195 3565 gaudentia,
1208 3492 1241 3546 et
1253 3483 1338 3547 bene
1351 3483 1522 3559 collocata,

376 3597 493 3650 natura
520 3607 580 3649 sua
609 3584 769 3664 fruuntur,
791 3598 892 3669 atque
918 3587 1026 3669 seipsa
1056 3597 1245 3668 sequuntur,
1269 3607 1334 3651 non
1364 3586 1464 3662 aliud,
1490 3597 1522 3650 et

375 3701 535 3772 tanquam
562 3691 713 3772 proprios
737 3702 854 3774 petunt
880 3689 1065 3773 amplexus.
1112 3691 1247 3755 Etenim
1272 3692 1426 3754 videntur
1454 3712 1523 3756 cor-

375 3815 457 3878 pora
478 3804 536 3858 aut
555 3815 688 3858 movere
706 3795 776 3858 sine
794 3796 955 3870 termin03
979 3803 1037 3859 aut
1054 3793 1152 3878 plane
1170 3797 1355 3876 quiescere3
1378 3805 1435 3859 aut
1451 3795 1522 3858 ferri

376 3900 419 3963 ad
443 3901 630 3972 terminum,
654 3899 710 3962 ubi
734 3919 794 3982 pro
817 3910 935 3963 natura
961 3921 1020 3963 sua
1046 3907 1105 3961 aut
1132 3907 1241 3963 rotent
1265 3908 1324 3962 aut
1346 3901 1522 3981 quiescant.

377 4002 492 4084 Atque
515 4023 601 4084 quae
625 4003 709 4066 bene
731 4003 894 4067 collocata
918 4013 1004 4079 sunt,
1025 4003 1052 4065 si
1077 4013 1170 4067 motu
1194 4005 1369 4084 gaudeant,
1394 4015 1523 4066 movent

412 4239 435 4270 ⁶⁸
455 4243 506 4311 Cp.
520 4241 547 4296 ii.
562 4253 575 4310 5
590 4242 627 4295 ad
644 4240 698 4308 fin,
712 4241 739 4296 ii.
754 4253 796 4311 35,
815 4241 842 4296 ii.
857 4242 892 4311 36
905 4240 955 4310 (2),
973 4241 1030 4296 and
1049 4252 1137 4297 notes.
1175 4241 1267 4296 There
1286 4241 1309 4295 is
1328 4239 1397 4296 littie
1416 4258 1452 4296 on
1469 4241 1524 4296 this

377 4329 484 4399 subject
494 4340 523 4385 to
535 4329 592 4384 add
605 4339 634 4383 to
647 4329 721 4383 what
734 4330 785 4384 has
797 4330 911 4398 already
923 4330 994 4384 been
1007 4329 1068 4383 said
1081 4347 1117 4384 on
1130 4329 1179 4384 the
1191 4331 1281 4384 above
1292 4345 1436 4399 passages.
1465 4331 1524 4384 The

377 4414 477 4468 reader
489 4413 543 4467 will
556 4423 605 4467 not
617 4413 666 4466 fail
679 4423 708 4466 to
721 4422 843 4467 contrast
858 4413 978 4468 Bacon's
995 4412 1105 4467 curious
1122 4413 1303 4483 conceptions
1319 4412 1404 4466 about
1421 4413 1524 4467 motion

377 4494 503 4564 (derived
515 4496 587 4549 from
600 4496 649 4550 the
664 4493 858 4566 Peripatetics)
868 4495 933 4550 with
946 4496 994 4551 the
1006 4497 1087 4552 Laws
1100 4496 1131 4551 oi
1143 4495 1261 4565 Motion,
1274 4513 1306 4552 as
1317 4497 1420 4551 known
1433 4507 1461 4552 to
1473 4513 1513 4552 us.
