<?xml version="1.0" encoding="UTF-8"?>
<!DOCTYPE html PUBLIC "-//W3C//DTD XHTML 1.0 Transitional//EN"
    "http://www.w3.org/TR/xhtml1/DTD/xhtml1-transitional.dtd">
<html xmlns="http://www.w3.org/1999/xhtml" xml:lang="en" lang="en">
 <head>
  <title>
</title>
<meta http-equiv="Content-Type" content="text/html;charset=utf-8" />
  <meta name='ocr-system' content='tesseract 3.04.00' />
  <meta name='ocr-capabilities' content='ocr_page ocr_carea ocr_par ocr_line ocrx_word'/>
</head>
<body>
  <div class='ocr_page' id='page_1' title='image "./baconsnovumorga00bacogoog/baconsnovumorga00bacogoog_0455.png"; bbox 0 0 3342 5152; ppageno 0'>
   <div class='ocr_carea' id='block_1_1' title="bbox 281 385 1052 459">
    <p class='ocr_par' dir='ltr' id='par_1_1' title="bbox 281 385 1052 459">
     <span class='ocr_line' id='line_1_1' title="bbox 281 385 1052 459; baseline -0.008 -13"><span class='ocrx_word' id='word_1_1' title='bbox 281 385 344 459; x_wconf 80' lang='lat'>426</span> <span class='ocrx_word' id='word_1_2' title='bbox 660 387 815 444; x_wconf 86' lang='lat' dir='ltr'><em>NOVUM</em></span> <span class='ocrx_word' id='word_1_3' title='bbox 835 387 1052 444; x_wconf 81' lang='lat' dir='ltr'><em>ORGANUM.</em></span> 
     </span>
    </p>
   </div>
   <div class='ocr_carea' id='block_1_2' title="bbox 282 551 1438 3654">
    <p class='ocr_par' dir='ltr' id='par_1_2' title="bbox 282 551 1437 2924">
     <span class='ocr_line' id='line_1_2' title="bbox 283 551 1430 634; baseline -0.002 -18"><span class='ocrx_word' id='word_1_4' title='bbox 283 552 375 616; x_wconf 89' lang='lat' dir='ltr'>filum</span> <span class='ocrx_word' id='word_1_5' title='bbox 402 572 507 634; x_wconf 88' lang='lat' dir='ltr'>aquae</span> <span class='ocrx_word' id='word_1_6' title='bbox 530 561 563 615; x_wconf 92' lang='lat' dir='ltr'>et</span> <span class='ocrx_word' id='word_1_7' title='bbox 588 552 700 634; x_wconf 86' lang='lat' dir='ltr'>incipit</span> <span class='ocrx_word' id='word_1_8' title='bbox 723 554 898 616; x_wconf 87' lang='lat' dir='ltr'>descensus</span> <span class='ocrx_word' id='word_1_9' title='bbox 924 552 957 615; x_wconf 91' lang='lat' dir='ltr'>in</span> <span class='ocrx_word' id='word_1_10' title='bbox 983 551 1096 632; x_wconf 86' lang='lat' dir='ltr'>guttis,</span> <span class='ocrx_word' id='word_1_11' title='bbox 1123 552 1224 616; x_wconf 85' lang='lat' dir='ltr'>resilit</span> <span class='ocrx_word' id='word_1_12' title='bbox 1248 551 1319 634; x_wconf 88' lang='lat' dir='ltr'>ipsa</span> <span class='ocrx_word' id='word_1_13' title='bbox 1344 571 1430 632; x_wconf 90' lang='lat' dir='ltr'>aqua</span> 
     </span>
     <span class='ocr_line' id='line_1_3' title="bbox 282 654 1430 738; baseline -0.001 -19"><span class='ocrx_word' id='word_1_14' title='bbox 282 678 411 720; x_wconf 90' lang='lat' dir='ltr'>sursum</span> <span class='ocrx_word' id='word_1_15' title='bbox 435 658 478 720; x_wconf 89' lang='lat' dir='ltr'>ad</span> <span class='ocrx_word' id='word_1_16' title='bbox 506 657 694 720; x_wconf 90' lang='lat' dir='ltr'>evitandam</span> <span class='ocrx_word' id='word_1_17' title='bbox 719 657 1063 722; x_wconf 90' lang='lat' dir='ltr'>discontinuationem.</span> <span class='ocrx_word' id='word_1_18' title='bbox 1109 655 1196 738; x_wconf 88' lang='lat' dir='ltr'>Quin</span> <span class='ocrx_word' id='word_1_19' title='bbox 1222 656 1254 718; x_wconf 94' lang='lat' dir='ltr'>in</span> <span class='ocrx_word' id='word_1_20' title='bbox 1282 654 1430 730; x_wconf 86' lang='lat' dir='ltr'>metallis,</span> 
     </span>
     <span class='ocr_line' id='line_1_4' title="bbox 282 759 1430 848; baseline -0.002 -24"><span class='ocrx_word' id='word_1_21' title='bbox 282 783 367 848; x_wconf 89' lang='lat' dir='ltr'>quae</span> <span class='ocrx_word' id='word_1_22' title='bbox 383 781 458 825; x_wconf 90' lang='lat' dir='ltr'>cum</span> <span class='ocrx_word' id='word_1_23' title='bbox 474 760 653 825; x_wconf 87' lang='lat' dir='ltr'>funduntur</span> <span class='ocrx_word' id='word_1_24' title='bbox 675 771 751 825; x_wconf 89' lang='lat' dir='ltr'>sunt</span> <span class='ocrx_word' id='word_1_25' title='bbox 772 762 896 844; x_wconf 91' lang='lat' dir='ltr'>liquida</span> <span class='ocrx_word' id='word_1_26' title='bbox 913 762 971 825; x_wconf 91' lang='lat' dir='ltr'>sed</span> <span class='ocrx_word' id='word_1_27' title='bbox 992 761 1096 844; x_wconf 87' lang='lat' dir='ltr'>magis</span> <span class='ocrx_word' id='word_1_28' title='bbox 1117 761 1253 836; x_wconf 89' lang='lat' dir='ltr'>tenacia,</span> <span class='ocrx_word' id='word_1_29' title='bbox 1270 759 1430 842; x_wconf 90' lang='lat' dir='ltr'>recipiunt</span> 
     </span>
     <span class='ocr_line' id='line_1_5' title="bbox 283 853 1431 949; baseline -0.003 -21"><span class='ocrx_word' id='word_1_30' title='bbox 283 886 317 929; x_wconf 90' lang='lat' dir='ltr'>se</span> <span class='ocrx_word' id='word_1_31' title='bbox 334 885 431 949; x_wconf 87' lang='lat' dir='ltr'>saepe</span> <span class='ocrx_word' id='word_1_32' title='bbox 445 853 561 948; x_wconf 87' lang='lat' dir='ltr'>guttae</span> <span class='ocrx_word' id='word_1_33' title='bbox 577 865 774 947; x_wconf 83' lang='lat' dir='ltr'>liquefactae</span> <span class='ocrx_word' id='word_1_34' title='bbox 789 885 927 944; x_wconf 91' lang='lat' dir='ltr'>sursum,</span> <span class='ocrx_word' id='word_1_35' title='bbox 945 876 1046 947; x_wconf 90' lang='lat' dir='ltr'>atque</span> <span class='ocrx_word' id='word_1_36' title='bbox 1062 866 1109 929; x_wconf 91' lang='lat' dir='ltr'>ita</span> <span class='ocrx_word' id='word_1_37' title='bbox 1126 865 1270 928; x_wconf 90' lang='lat' dir='ltr'>haerent.</span> <span class='ocrx_word' id='word_1_38' title='bbox 1316 862 1431 929; x_wconf 90' lang='lat' dir='ltr'>Simile</span> 
     </span>
     <span class='ocr_line' id='line_1_6' title="bbox 284 967 1431 1052; baseline -0.003 -21"><span class='ocrx_word' id='word_1_39' title='bbox 284 969 453 1050; x_wconf 86' lang='lat' dir='ltr'>quoddam</span> <span class='ocrx_word' id='word_1_40' title='bbox 485 979 535 1032; x_wconf 89' lang='lat' dir='ltr'>est</span> <span class='ocrx_word' id='word_1_41' title='bbox 570 969 726 1034; x_wconf 88' lang='lat' dir='ltr'>instantia</span> <span class='ocrx_word' id='word_1_42' title='bbox 756 969 964 1052; x_wconf 90' lang='lat' dir='ltr'>speculorum</span> <span class='ocrx_word' id='word_1_43' title='bbox 995 968 1180 1051; x_wconf 92' lang='lat' dir='ltr'>puerilium,</span> <span class='ocrx_word' id='word_1_44' title='bbox 1210 989 1294 1051; x_wconf 89' lang='lat' dir='ltr'>quae</span> <span class='ocrx_word' id='word_1_45' title='bbox 1324 967 1431 1030; x_wconf 90' lang='lat' dir='ltr'>solent</span> 
     </span>
     <span class='ocr_line' id='line_1_7' title="bbox 283 1065 1432 1156; baseline -0.001 -21"><span class='ocrx_word' id='word_1_46' title='bbox 283 1073 388 1136; x_wconf 87' lang='lat' dir='ltr'>lacere</span> <span class='ocrx_word' id='word_1_47' title='bbox 406 1071 532 1156; x_wconf 85' lang='lat' dir='ltr'>pueruli</span> <span class='ocrx_word' id='word_1_48' title='bbox 554 1073 586 1136; x_wconf 92' lang='lat' dir='ltr'>in</span> <span class='ocrx_word' id='word_1_49' title='bbox 608 1074 722 1156; x_wconf 88' lang='lat' dir='ltr'>scirpis</span> <span class='ocrx_word' id='word_1_50' title='bbox 737 1094 781 1138; x_wconf 90' lang='lat' dir='ltr'>ex</span> <span class='ocrx_word' id='word_1_51' title='bbox 797 1065 909 1150; x_wconf 88' lang='lat' dir='ltr'>saliva,</span> <span class='ocrx_word' id='word_1_52' title='bbox 926 1071 981 1134; x_wconf 93' lang='lat' dir='ltr'>ubi</span> <span class='ocrx_word' id='word_1_53' title='bbox 997 1072 1139 1135; x_wconf 90' lang='lat' dir='ltr'>cernitur</span> <span class='ocrx_word' id='word_1_54' title='bbox 1159 1073 1260 1136; x_wconf 90' lang='lat' dir='ltr'>etiam</span> <span class='ocrx_word' id='word_1_55' title='bbox 1280 1069 1432 1154; x_wconf 91' lang='lat' dir='ltr'>pellicula</span> 
     </span>
     <span class='ocr_line' id='line_1_8' title="bbox 284 1175 1431 1259; baseline -0.003 -20"><span class='ocrx_word' id='word_1_56' title='bbox 284 1177 464 1240; x_wconf 87' lang='lat' dir='ltr'>consistens</span> <span class='ocrx_word' id='word_1_57' title='bbox 492 1197 606 1259; x_wconf 90' lang='lat' dir='ltr'>aquae.</span> <span class='ocrx_word' id='word_1_58' title='bbox 652 1176 701 1240; x_wconf 85' lang='lat' dir='ltr'>At</span> <span class='ocrx_word' id='word_1_59' title='bbox 729 1176 834 1240; x_wconf 92' lang='lat' dir='ltr'>multo</span> <span class='ocrx_word' id='word_1_60' title='bbox 862 1177 977 1240; x_wconf 91' lang='lat' dir='ltr'>melius</span> <span class='ocrx_word' id='word_1_61' title='bbox 1003 1196 1039 1239; x_wconf 94' lang='lat' dir='ltr'>se</span> <span class='ocrx_word' id='word_1_62' title='bbox 1065 1176 1209 1240; x_wconf 86' lang='lat' dir='ltr'>ostendit</span> <span class='ocrx_word' id='word_1_63' title='bbox 1235 1175 1298 1239; x_wconf 92' lang='lat' dir='ltr'>hoc</span> <span class='ocrx_word' id='word_1_64' title='bbox 1324 1176 1431 1258; x_wconf 91' lang='lat' dir='ltr'>ipsum</span> 
     </span>
     <span class='ocr_line' id='line_1_9' title="bbox 285 1279 1434 1365; baseline -0.005 -21"><span class='ocrx_word' id='word_1_65' title='bbox 285 1283 317 1344; x_wconf 94' lang='lat' dir='ltr'>in</span> <span class='ocrx_word' id='word_1_66' title='bbox 347 1280 451 1346; x_wconf 90' lang='lat' dir='ltr'>altero</span> <span class='ocrx_word' id='word_1_67' title='bbox 481 1279 536 1346; x_wconf 90' lang='lat' dir='ltr'>illo</span> <span class='ocrx_word' id='word_1_68' title='bbox 566 1280 692 1346; x_wconf 92' lang='lat' dir='ltr'>ludicro</span> <span class='ocrx_word' id='word_1_69' title='bbox 725 1281 851 1365; x_wconf 91' lang='lat' dir='ltr'>puerili,</span> <span class='ocrx_word' id='word_1_70' title='bbox 882 1281 1014 1363; x_wconf 92' lang='lat' dir='ltr'>quando</span> <span class='ocrx_word' id='word_1_71' title='bbox 1043 1279 1178 1362; x_wconf 91' lang='lat' dir='ltr'>capiunt</span> <span class='ocrx_word' id='word_1_72' title='bbox 1211 1299 1342 1362; x_wconf 87' lang='lat' dir='ltr'>aquam,</span> <span class='ocrx_word' id='word_1_73' title='bbox 1375 1298 1434 1360; x_wconf 92' lang='lat' dir='ltr'>per</span> 
     </span>
     <span class='ocr_line' id='line_1_10' title="bbox 283 1382 1433 1468; baseline -0.003 -20"><span class='ocrx_word' id='word_1_74' title='bbox 283 1404 443 1468; x_wconf 88' lang='lat' dir='ltr'>saponem</span> <span class='ocrx_word' id='word_1_75' title='bbox 473 1384 593 1450; x_wconf 87' lang='lat' dir='ltr'>factam</span> <span class='ocrx_word' id='word_1_76' title='bbox 623 1386 722 1467; x_wconf 90' lang='lat' dir='ltr'>paulo</span> <span class='ocrx_word' id='word_1_77' title='bbox 752 1385 963 1460; x_wconf 88' lang='lat' dir='ltr'>tenaciorem,</span> <span class='ocrx_word' id='word_1_78' title='bbox 993 1395 1093 1466; x_wconf 88' lang='lat' dir='ltr'>atque</span> <span class='ocrx_word' id='word_1_79' title='bbox 1123 1382 1236 1447; x_wconf 88' lang='lat' dir='ltr'>inflant</span> <span class='ocrx_word' id='word_1_80' title='bbox 1266 1403 1340 1446; x_wconf 91' lang='lat' dir='ltr'>eam</span> <span class='ocrx_word' id='word_1_81' title='bbox 1375 1400 1433 1465; x_wconf 89' lang='lat' dir='ltr'>per</span> 
     </span>
     <span class='ocr_line' id='line_1_11' title="bbox 284 1487 1431 1572; baseline -0.006 -18"><span class='ocrx_word' id='word_1_82' title='bbox 284 1488 449 1554; x_wconf 89' lang='lat' dir='ltr'>calamum</span> <span class='ocrx_word' id='word_1_83' title='bbox 486 1510 612 1566; x_wconf 92' lang='lat' dir='ltr'>cavum,</span> <span class='ocrx_word' id='word_1_84' title='bbox 642 1499 743 1572; x_wconf 91' lang='lat' dir='ltr'>atque</span> <span class='ocrx_word' id='word_1_85' title='bbox 778 1490 855 1552; x_wconf 89' lang='lat' dir='ltr'>inde</span> <span class='ocrx_word' id='word_1_86' title='bbox 884 1490 1026 1555; x_wconf 80' lang='lat' dir='ltr'>formant</span> <span class='ocrx_word' id='word_1_87' title='bbox 1057 1509 1178 1570; x_wconf 89' lang='lat' dir='ltr'>aquam</span> <span class='ocrx_word' id='word_1_88' title='bbox 1212 1499 1370 1569; x_wconf 90' lang='lat' dir='ltr'>tanquam</span> <span class='ocrx_word' id='word_1_89' title='bbox 1401 1487 1431 1547; x_wconf 93' lang='lat' dir='ltr'>in</span> 
     </span>
     <span class='ocr_line' id='line_1_12' title="bbox 284 1589 1433 1676; baseline -0.004 -19"><span class='ocrx_word' id='word_1_90' title='bbox 284 1593 455 1658; x_wconf 87' lang='lat' dir='ltr'>castellum</span> <span class='ocrx_word' id='word_1_91' title='bbox 477 1592 661 1671; x_wconf 82' lang='lat' dir='ltr'>bullamm3</span> <span class='ocrx_word' id='word_1_92' title='bbox 695 1615 780 1676; x_wconf 91' lang='lat' dir='ltr'>quae</span> <span class='ocrx_word' id='word_1_93' title='bbox 808 1613 867 1676; x_wconf 91' lang='lat' dir='ltr'>per</span> <span class='ocrx_word' id='word_1_94' title='bbox 896 1591 1177 1674; x_wconf 85' lang='lat' dir='ltr'>interpositionem</span> <span class='ocrx_word' id='word_1_95' title='bbox 1204 1591 1286 1654; x_wconf 73' lang='lat' dir='ltr'>aeris</span> <span class='ocrx_word' id='word_1_96' title='bbox 1309 1589 1433 1653; x_wconf 91' lang='lat' dir='ltr'>inducit</span> 
     </span>
     <span class='ocr_line' id='line_1_13' title="bbox 285 1695 1433 1780; baseline -0.005 -18"><span class='ocrx_word' id='word_1_97' title='bbox 285 1697 533 1762; x_wconf 88' lang='lat' dir='ltr'>consistentiam</span> <span class='ocrx_word' id='word_1_98' title='bbox 552 1719 592 1762; x_wconf 93' lang='lat' dir='ltr'>eo</span> <span class='ocrx_word' id='word_1_99' title='bbox 610 1719 714 1780; x_wconf 90' lang='lat' dir='ltr'>usque</span> <span class='ocrx_word' id='word_1_100' title='bbox 735 1707 772 1762; x_wconf 92' lang='lat' dir='ltr'>ut</span> <span class='ocrx_word' id='word_1_101' title='bbox 793 1719 829 1762; x_wconf 89' lang='lat' dir='ltr'>se</span> <span class='ocrx_word' id='word_1_102' title='bbox 849 1695 964 1780; x_wconf 86' lang='lat' dir='ltr'>projici</span> <span class='ocrx_word' id='word_1_103' title='bbox 983 1695 1130 1761; x_wconf 92' lang='lat' dir='ltr'>nonnihil</span> <span class='ocrx_word' id='word_1_104' title='bbox 1151 1695 1295 1778; x_wconf 90' lang='lat' dir='ltr'>patiatur</span> <span class='ocrx_word' id='word_1_105' title='bbox 1311 1695 1433 1776; x_wconf 89' lang='lat' dir='ltr'>absque</span> 
     </span>
     <span class='ocr_line' id='line_1_14' title="bbox 285 1799 1433 1885; baseline -0.003 -21"><span class='ocrx_word' id='word_1_106' title='bbox 285 1801 593 1865; x_wconf 90' lang='lat' dir='ltr'>discontinuatione.</span> <span class='ocrx_word' id='word_1_107' title='bbox 651 1801 786 1885; x_wconf 89' lang='lat' dir='ltr'>Optime</span> <span class='ocrx_word' id='word_1_108' title='bbox 809 1811 919 1866; x_wconf 90' lang='lat' dir='ltr'>autem</span> <span class='ocrx_word' id='word_1_109' title='bbox 943 1801 1084 1864; x_wconf 87' lang='lat' dir='ltr'>cemitur</span> <span class='ocrx_word' id='word_1_110' title='bbox 1105 1799 1168 1864; x_wconf 93' lang='lat' dir='ltr'>hoc</span> <span class='ocrx_word' id='word_1_111' title='bbox 1195 1800 1227 1862; x_wconf 92' lang='lat' dir='ltr'>in</span> <span class='ocrx_word' id='word_1_112' title='bbox 1254 1818 1374 1880; x_wconf 91' lang='lat' dir='ltr'>spuma</span> <span class='ocrx_word' id='word_1_113' title='bbox 1399 1807 1433 1861; x_wconf 91' lang='lat' dir='ltr'>et</span> 
     </span>
     <span class='ocr_line' id='line_1_15' title="bbox 286 1903 1432 1985; baseline -0.001 -20"><span class='ocrx_word' id='word_1_114' title='bbox 286 1905 369 1982; x_wconf 89' lang='lat' dir='ltr'>nive,</span> <span class='ocrx_word' id='word_1_115' title='bbox 385 1924 471 1985; x_wconf 91' lang='lat' dir='ltr'>quae</span> <span class='ocrx_word' id='word_1_116' title='bbox 487 1904 588 1969; x_wconf 89' lang='lat' dir='ltr'>talem</span> <span class='ocrx_word' id='word_1_117' title='bbox 604 1905 744 1970; x_wconf 91' lang='lat' dir='ltr'>induunt</span> <span class='ocrx_word' id='word_1_118' title='bbox 767 1905 1016 1970; x_wconf 89' lang='lat' dir='ltr'>consistentiam</span> <span class='ocrx_word' id='word_1_119' title='bbox 1032 1914 1068 1967; x_wconf 89' lang='lat' dir='ltr'>ut</span> <span class='ocrx_word' id='word_1_120' title='bbox 1085 1903 1152 1967; x_wconf 87' lang='lat' dir='ltr'>sere</span> <span class='ocrx_word' id='word_1_121' title='bbox 1167 1903 1269 1968; x_wconf 92' lang='lat' dir='ltr'>secari</span> <span class='ocrx_word' id='word_1_122' title='bbox 1285 1903 1411 1985; x_wconf 89' lang='lat' dir='ltr'>possint</span> <span class='ocrx_word' id='word_1_123' title='bbox 1425 1926 1432 1978; x_wconf 93' lang='lat'>;</span> 
     </span>
     <span class='ocr_line' id='line_1_16' title="bbox 286 2009 1435 2093; baseline -0.001 -23"><span class='ocrx_word' id='word_1_124' title='bbox 286 2028 361 2071; x_wconf 93' lang='lat' dir='ltr'>cum</span> <span class='ocrx_word' id='word_1_125' title='bbox 377 2017 489 2071; x_wconf 88' lang='lat' dir='ltr'>tamen</span> <span class='ocrx_word' id='word_1_126' title='bbox 505 2009 568 2073; x_wconf 94' lang='lat' dir='ltr'>sint</span> <span class='ocrx_word' id='word_1_127' title='bbox 580 2031 719 2093; x_wconf 90' lang='lat' dir='ltr'>corpora</span> <span class='ocrx_word' id='word_1_128' title='bbox 733 2010 875 2074; x_wconf 85' lang='lat' dir='ltr'>formata</span> <span class='ocrx_word' id='word_1_129' title='bbox 890 2029 934 2072; x_wconf 90' lang='lat' dir='ltr'>ex</span> <span class='ocrx_word' id='word_1_130' title='bbox 949 2015 1025 2072; x_wconf 76' lang='lat' dir='ltr'>aere</span> <span class='ocrx_word' id='word_1_131' title='bbox 1040 2017 1073 2071; x_wconf 92' lang='lat' dir='ltr'>et</span> <span class='ocrx_word' id='word_1_132' title='bbox 1091 2028 1187 2090; x_wconf 90' lang='lat' dir='ltr'>aqua,</span> <span class='ocrx_word' id='word_1_133' title='bbox 1199 2027 1284 2090; x_wconf 88' lang='lat' dir='ltr'>quae</span> <span class='ocrx_word' id='word_1_134' title='bbox 1296 2017 1435 2088; x_wconf 90' lang='lat' dir='ltr'>utraque</span> 
     </span>
     <span class='ocr_line' id='line_1_17' title="bbox 286 2111 1434 2196; baseline -0.002 -22"><span class='ocrx_word' id='word_1_135' title='bbox 286 2121 362 2175; x_wconf 93' lang='lat' dir='ltr'>sunt</span> <span class='ocrx_word' id='word_1_136' title='bbox 385 2112 510 2194; x_wconf 89' lang='lat' dir='ltr'>liquida</span> <span class='ocrx_word' id='word_1_137' title='bbox 519 2111 554 2176; x_wconf 74' lang='lat'>⁶³.</span> <span class='ocrx_word' id='word_1_138' title='bbox 600 2113 696 2196; x_wconf 88' lang='lat' dir='ltr'>Quae</span> <span class='ocrx_word' id='word_1_139' title='bbox 719 2114 831 2178; x_wconf 90' lang='lat' dir='ltr'>omnia</span> <span class='ocrx_word' id='word_1_140' title='bbox 853 2133 919 2177; x_wconf 90' lang='lat' dir='ltr'>non</span> <span class='ocrx_word' id='word_1_141' title='bbox 943 2114 1081 2177; x_wconf 90' lang='lat' dir='ltr'>obscure</span> <span class='ocrx_word' id='word_1_142' title='bbox 1101 2112 1239 2174; x_wconf 90' lang='lat' dir='ltr'>innuunt</span> <span class='ocrx_word' id='word_1_143' title='bbox 1255 2111 1434 2192; x_wconf 90' lang='lat' dir='ltr'>Liquidum</span> 
     </span>
     <span class='ocr_line' id='line_1_18' title="bbox 286 2215 1433 2297; baseline -0.003 -17"><span class='ocrx_word' id='word_1_144' title='bbox 286 2227 320 2280; x_wconf 90' lang='lat' dir='ltr'>et</span> <span class='ocrx_word' id='word_1_145' title='bbox 345 2215 537 2281; x_wconf 90' lang='lat' dir='ltr'>Consistens</span> <span class='ocrx_word' id='word_1_146' title='bbox 561 2239 632 2282; x_wconf 88' lang='lat' dir='ltr'>esse</span> <span class='ocrx_word' id='word_1_147' title='bbox 657 2220 808 2282; x_wconf 90' lang='lat' dir='ltr'>notiones</span> <span class='ocrx_word' id='word_1_148' title='bbox 829 2226 959 2280; x_wconf 90' lang='lat' dir='ltr'>tantum</span> <span class='ocrx_word' id='word_1_149' title='bbox 983 2216 1137 2297; x_wconf 89' lang='lat' dir='ltr'>plebeias,</span> <span class='ocrx_word' id='word_1_150' title='bbox 1160 2226 1193 2279; x_wconf 93' lang='lat' dir='ltr'>et</span> <span class='ocrx_word' id='word_1_151' title='bbox 1216 2216 1258 2278; x_wconf 90' lang='lat' dir='ltr'>ad</span> <span class='ocrx_word' id='word_1_152' title='bbox 1282 2233 1433 2278; x_wconf 88' lang='lat' dir='ltr'>sensum:</span> 
     </span>
     <span class='ocr_line' id='line_1_19' title="bbox 287 2319 1435 2403; baseline -0.003 -19"><span class='ocrx_word' id='word_1_153' title='bbox 287 2321 390 2385; x_wconf 89' lang='lat' dir='ltr'>inesse</span> <span class='ocrx_word' id='word_1_154' title='bbox 405 2331 516 2386; x_wconf 88' lang='lat' dir='ltr'>autem</span> <span class='ocrx_word' id='word_1_155' title='bbox 533 2342 645 2386; x_wconf 89' lang='lat' dir='ltr'>revera</span> <span class='ocrx_word' id='word_1_156' title='bbox 660 2322 813 2386; x_wconf 91' lang='lat' dir='ltr'>omnibus</span> <span class='ocrx_word' id='word_1_157' title='bbox 834 2319 1026 2403; x_wconf 87' lang='lat' dir='ltr'>corporibus</span> <span class='ocrx_word' id='word_1_158' title='bbox 1041 2319 1151 2402; x_wconf 89' lang='lat' dir='ltr'>lugam</span> <span class='ocrx_word' id='word_1_159' title='bbox 1170 2327 1204 2382; x_wconf 91' lang='lat' dir='ltr'>et</span> <span class='ocrx_word' id='word_1_160' title='bbox 1222 2319 1435 2383; x_wconf 88' lang='lat' dir='ltr'>evitationem</span> 
     </span>
     <span class='ocr_line' id='line_1_20' title="bbox 287 2419 1435 2507; baseline -0.002 -19"><span class='ocrx_word' id='word_1_161' title='bbox 287 2446 322 2488; x_wconf 92' lang='lat' dir='ltr'>se</span> <span class='ocrx_word' id='word_1_162' title='bbox 354 2427 640 2504; x_wconf 90' lang='lat' dir='ltr'>discontinuandi;</span> <span class='ocrx_word' id='word_1_163' title='bbox 679 2447 752 2489; x_wconf 91' lang='lat' dir='ltr'>cam</span> <span class='ocrx_word' id='word_1_164' title='bbox 783 2446 860 2489; x_wconf 88' lang='lat' dir='ltr'>vero</span> <span class='ocrx_word' id='word_1_165' title='bbox 891 2425 922 2488; x_wconf 91' lang='lat' dir='ltr'>in</span> <span class='ocrx_word' id='word_1_166' title='bbox 956 2425 1150 2507; x_wconf 91' lang='lat' dir='ltr'>corporibus</span> <span class='ocrx_word' id='word_1_167' title='bbox 1182 2419 1435 2507; x_wconf 78' lang='lat' dir='ltr'>homogeneis⁰⁴</span> 
     </span>
     <span class='ocr_line' id='line_1_21' title="bbox 286 2525 1436 2614; baseline -0.003 -22"><span class='ocrx_word' id='word_1_168' title='bbox 286 2525 413 2613; x_wconf 89' lang='lat' dir='ltr'>(qualia</span> <span class='ocrx_word' id='word_1_169' title='bbox 431 2540 506 2593; x_wconf 91' lang='lat' dir='ltr'>sunt</span> <span class='ocrx_word' id='word_1_170' title='bbox 526 2527 661 2614; x_wconf 87' lang='lat' dir='ltr'>liquida)</span> <span class='ocrx_word' id='word_1_171' title='bbox 681 2551 753 2594; x_wconf 91' lang='lat' dir='ltr'>esse</span> <span class='ocrx_word' id='word_1_172' title='bbox 775 2528 916 2594; x_wconf 92' lang='lat' dir='ltr'>debilem</span> <span class='ocrx_word' id='word_1_173' title='bbox 940 2538 974 2592; x_wconf 90' lang='lat' dir='ltr'>et</span> <span class='ocrx_word' id='word_1_174' title='bbox 997 2527 1170 2604; x_wconf 89' lang='lat' dir='ltr'>infirmam,</span> <span class='ocrx_word' id='word_1_175' title='bbox 1189 2529 1222 2590; x_wconf 91' lang='lat' dir='ltr'>in</span> <span class='ocrx_word' id='word_1_176' title='bbox 1246 2527 1436 2610; x_wconf 90' lang='lat' dir='ltr'>corporibus</span> 
     </span>
     <span class='ocr_line' id='line_1_22' title="bbox 287 2631 1434 2716; baseline -0.002 -22"><span class='ocrx_word' id='word_1_177' title='bbox 287 2654 373 2709; x_wconf 93' lang='lat' dir='ltr'>vero,</span> <span class='ocrx_word' id='word_1_178' title='bbox 387 2654 473 2716; x_wconf 90' lang='lat' dir='ltr'>quae</span> <span class='ocrx_word' id='word_1_179' title='bbox 488 2645 563 2699; x_wconf 89' lang='lat' dir='ltr'>sunt</span> <span class='ocrx_word' id='word_1_180' title='bbox 580 2634 763 2716; x_wconf 90' lang='lat' dir='ltr'>composita</span> <span class='ocrx_word' id='word_1_181' title='bbox 779 2655 823 2696; x_wconf 89' lang='lat' dir='ltr'>ex</span> <span class='ocrx_word' id='word_1_182' title='bbox 838 2633 1076 2716; x_wconf 87' lang='lat' dir='ltr'>heterogeneis,</span> <span class='ocrx_word' id='word_1_183' title='bbox 1089 2631 1194 2715; x_wconf 85' lang='lat' dir='ltr'>magis</span> <span class='ocrx_word' id='word_1_184' title='bbox 1209 2652 1280 2696; x_wconf 89' lang='lat' dir='ltr'>esse</span> <span class='ocrx_word' id='word_1_185' title='bbox 1291 2631 1434 2694; x_wconf 89' lang='lat' dir='ltr'>vividam</span> 
     </span>
     <span class='ocr_line' id='line_1_23' title="bbox 288 2735 1437 2822; baseline -0.003 -21"><span class='ocrx_word' id='word_1_186' title='bbox 288 2747 321 2801; x_wconf 90' lang='lat' dir='ltr'>et</span> <span class='ocrx_word' id='word_1_187' title='bbox 347 2739 487 2813; x_wconf 82' lang='lat' dir='ltr'>sortem3</span> <span class='ocrx_word' id='word_1_188' title='bbox 520 2749 696 2822; x_wconf 87' lang='lat' dir='ltr'>propterea</span> <span class='ocrx_word' id='word_1_189' title='bbox 720 2739 810 2821; x_wconf 91' lang='lat' dir='ltr'>quod</span> <span class='ocrx_word' id='word_1_190' title='bbox 836 2737 984 2801; x_wconf 90' lang='lat' dir='ltr'>admotio</span> <span class='ocrx_word' id='word_1_191' title='bbox 1008 2737 1217 2819; x_wconf 87' lang='lat' dir='ltr'>heterogenei</span> <span class='ocrx_word' id='word_1_192' title='bbox 1243 2735 1437 2817; x_wconf 84' lang='lat' dir='ltr'>constringit</span> 
     </span>
     <span class='ocr_line' id='line_1_24' title="bbox 288 2840 1223 2924; baseline -0.005 -18"><span class='ocrx_word' id='word_1_193' title='bbox 288 2861 436 2924; x_wconf 90' lang='lat' dir='ltr'>corpora,</span> <span class='ocrx_word' id='word_1_194' title='bbox 452 2852 486 2906; x_wconf 90' lang='lat' dir='ltr'>at</span> <span class='ocrx_word' id='word_1_195' title='bbox 502 2843 698 2906; x_wconf 88' lang='lat' dir='ltr'>subintratio</span> <span class='ocrx_word' id='word_1_196' title='bbox 712 2841 910 2924; x_wconf 85' lang='lat' dir='ltr'>homogenei</span> <span class='ocrx_word' id='word_1_197' title='bbox 926 2841 1021 2904; x_wconf 90' lang='lat' dir='ltr'>solvit</span> <span class='ocrx_word' id='word_1_198' title='bbox 1038 2850 1071 2904; x_wconf 91' lang='lat' dir='ltr'>et</span> <span class='ocrx_word' id='word_1_199' title='bbox 1087 2840 1223 2904; x_wconf 87' lang='lat' dir='ltr'>relaxat.</span> 
     </span>
    </p>

    <p class='ocr_par' dir='ltr' id='par_1_3' title="bbox 289 2943 1438 3654">
     <span class='ocr_line' id='line_1_25' title="bbox 335 2943 1437 3030; baseline -0.005 -20"><span class='ocrx_word' id='word_1_200' title='bbox 335 2945 499 3022; x_wconf 86' lang='lat' dir='ltr'>Similiter,</span> <span class='ocrx_word' id='word_1_201' title='bbox 512 2946 658 3029; x_wconf 88' lang='lat' dir='ltr'>exempli</span> <span class='ocrx_word' id='word_1_202' title='bbox 670 2947 775 3030; x_wconf 87' lang='lat' dir='ltr'>gratia</span> <span class='ocrx_word' id='word_1_203' title='bbox 788 2972 795 3024; x_wconf 92' lang='lat'>;</span> <span class='ocrx_word' id='word_1_204' title='bbox 819 2947 862 3010; x_wconf 92' lang='lat' dir='ltr'>sit</span> <span class='ocrx_word' id='word_1_205' title='bbox 877 2955 993 3009; x_wconf 92' lang='lat' dir='ltr'>natura</span> <span class='ocrx_word' id='word_1_206' title='bbox 1009 2945 1163 3029; x_wconf 90' lang='lat' dir='ltr'>inquisita</span> <span class='ocrx_word' id='word_1_207' title='bbox 1179 2944 1357 3020; x_wconf 79' lang='lat' dir='ltr'>Attractio,</span> <span class='ocrx_word' id='word_1_208' title='bbox 1369 2943 1437 3005; x_wconf 91' lang='lat' dir='ltr'>sive</span> 
     </span>
     <span class='ocr_line' id='line_1_26' title="bbox 290 3047 1438 3134; baseline -0.003 -20"><span class='ocrx_word' id='word_1_209' title='bbox 290 3049 401 3114; x_wconf 90' lang='lat' dir='ltr'>Coitio</span> <span class='ocrx_word' id='word_1_210' title='bbox 439 3050 633 3134; x_wconf 89' lang='lat' dir='ltr'>Corporum.</span> <span class='ocrx_word' id='word_1_211' title='bbox 693 3051 860 3114; x_wconf 81' lang='lat' dir='ltr'>Instantia</span> <span class='ocrx_word' id='word_1_212' title='bbox 889 3050 975 3114; x_wconf 88' lang='lat' dir='ltr'>circa</span> <span class='ocrx_word' id='word_1_213' title='bbox 1005 3048 1145 3112; x_wconf 88' lang='lat' dir='ltr'>sormam</span> <span class='ocrx_word' id='word_1_214' title='bbox 1176 3047 1246 3130; x_wconf 90' lang='lat' dir='ltr'>ejus</span> <span class='ocrx_word' id='word_1_215' title='bbox 1278 3049 1438 3112; x_wconf 80' lang='lat' dir='ltr'>ostensiva</span> 
     </span>
     <span class='ocr_line' id='line_1_27' title="bbox 290 3153 1437 3238; baseline -0.002 -23"><span class='ocrx_word' id='word_1_216' title='bbox 290 3156 436 3216; x_wconf 88' lang='lat' dir='ltr'>maxime</span> <span class='ocrx_word' id='word_1_217' title='bbox 455 3155 591 3236; x_wconf 91' lang='lat' dir='ltr'>insignis</span> <span class='ocrx_word' id='word_1_218' title='bbox 612 3165 661 3219; x_wconf 93' lang='lat' dir='ltr'>est</span> <span class='ocrx_word' id='word_1_219' title='bbox 681 3175 824 3238; x_wconf 85' lang='lat' dir='ltr'>magnes.</span> <span class='ocrx_word' id='word_1_220' title='bbox 870 3153 1042 3218; x_wconf 87' lang='lat' dir='ltr'>Contraria</span> <span class='ocrx_word' id='word_1_221' title='bbox 1065 3163 1177 3217; x_wconf 90' lang='lat' dir='ltr'>autem</span> <span class='ocrx_word' id='word_1_222' title='bbox 1200 3160 1317 3216; x_wconf 88' lang='lat' dir='ltr'>natura</span> <span class='ocrx_word' id='word_1_223' title='bbox 1336 3161 1437 3216; x_wconf 88' lang='lat' dir='ltr'>attra-</span> 
     </span>
     <span class='ocr_line' id='line_1_28' title="bbox 289 3254 1438 3334; baseline -0.003 -14"><span class='ocrx_word' id='word_1_224' title='bbox 289 3257 379 3320; x_wconf 91' lang='lat' dir='ltr'>henti</span> <span class='ocrx_word' id='word_1_225' title='bbox 410 3268 460 3321; x_wconf 92' lang='lat' dir='ltr'>est</span> <span class='ocrx_word' id='word_1_226' title='bbox 490 3279 556 3321; x_wconf 92' lang='lat' dir='ltr'>non</span> <span class='ocrx_word' id='word_1_227' title='bbox 586 3258 764 3334; x_wconf 86' lang='lat' dir='ltr'>attrahens,</span> <span class='ocrx_word' id='word_1_228' title='bbox 795 3257 870 3323; x_wconf 88' lang='lat' dir='ltr'>licet</span> <span class='ocrx_word' id='word_1_229' title='bbox 902 3258 934 3321; x_wconf 93' lang='lat' dir='ltr'>in</span> <span class='ocrx_word' id='word_1_230' title='bbox 961 3257 1144 3321; x_wconf 91' lang='lat' dir='ltr'>substantia</span> <span class='ocrx_word' id='word_1_231' title='bbox 1173 3254 1280 3320; x_wconf 91' lang='lat' dir='ltr'>simili.</span> <span class='ocrx_word' id='word_1_232' title='bbox 1326 3255 1438 3319; x_wconf 91' lang='lat' dir='ltr'>Veluti</span> 
     </span>
     <span class='ocr_line' id='line_1_29' title="bbox 290 3361 1437 3445; baseline -0.001 -21"><span class='ocrx_word' id='word_1_233' title='bbox 290 3361 421 3437; x_wconf 81' lang='lat' dir='ltr'>serrum,</span> <span class='ocrx_word' id='word_1_234' title='bbox 432 3363 523 3445; x_wconf 92' lang='lat' dir='ltr'>quod</span> <span class='ocrx_word' id='word_1_235' title='bbox 532 3383 598 3426; x_wconf 93' lang='lat' dir='ltr'>non</span> <span class='ocrx_word' id='word_1_236' title='bbox 609 3363 745 3427; x_wconf 89' lang='lat' dir='ltr'>attrahit</span> <span class='ocrx_word' id='word_1_237' title='bbox 757 3363 886 3439; x_wconf 84' lang='lat' dir='ltr'>serrum,</span> <span class='ocrx_word' id='word_1_238' title='bbox 898 3361 1180 3445; x_wconf 90' lang='lat' dir='ltr'>quemadmodum</span> <span class='ocrx_word' id='word_1_239' title='bbox 1192 3381 1252 3425; x_wconf 93' lang='lat' dir='ltr'>nec</span> <span class='ocrx_word' id='word_1_240' title='bbox 1264 3361 1437 3444; x_wconf 89' lang='lat' dir='ltr'>plumbum</span> 
     </span>
     <span class='ocr_line' id='line_1_30' title="bbox 290 3465 1438 3550; baseline -0.002 -22"><span class='ocrx_word' id='word_1_241' title='bbox 290 3465 472 3548; x_wconf 91' lang='lat' dir='ltr'>plumbum,</span> <span class='ocrx_word' id='word_1_242' title='bbox 496 3487 555 3530; x_wconf 92' lang='lat' dir='ltr'>nec</span> <span class='ocrx_word' id='word_1_243' title='bbox 581 3467 704 3550; x_wconf 91' lang='lat' dir='ltr'>lignum</span> <span class='ocrx_word' id='word_1_244' title='bbox 732 3466 866 3549; x_wconf 89' lang='lat' dir='ltr'>lignum,</span> <span class='ocrx_word' id='word_1_245' title='bbox 890 3487 949 3531; x_wconf 92' lang='lat' dir='ltr'>nec</span> <span class='ocrx_word' id='word_1_246' title='bbox 976 3486 1098 3548; x_wconf 90' lang='lat' dir='ltr'>aquam</span> <span class='ocrx_word' id='word_1_247' title='bbox 1124 3486 1217 3547; x_wconf 86' lang='lat' dir='ltr'>aqua</span> <span class='ocrx_word' id='word_1_248' title='bbox 1271 3465 1438 3527; x_wconf 83' lang='lat' dir='ltr'>Instantia</span> 
     </span>
     <span class='ocr_line' id='line_1_31' title="bbox 289 3569 1438 3654; baseline -0.002 -22"><span class='ocrx_word' id='word_1_249' title='bbox 289 3579 398 3632; x_wconf 86' lang='lat' dir='ltr'>autem</span> <span class='ocrx_word' id='word_1_250' title='bbox 417 3569 617 3634; x_wconf 82' lang='lat' dir='ltr'>clandestina</span> <span class='ocrx_word' id='word_1_251' title='bbox 632 3581 681 3634; x_wconf 92' lang='lat' dir='ltr'>est</span> <span class='ocrx_word' id='word_1_252' title='bbox 698 3592 832 3654; x_wconf 89' lang='lat' dir='ltr'>magnes</span> <span class='ocrx_word' id='word_1_253' title='bbox 847 3571 931 3634; x_wconf 85' lang='lat' dir='ltr'>ferro</span> <span class='ocrx_word' id='word_1_254' title='bbox 947 3579 1102 3644; x_wconf 88' lang='lat' dir='ltr'>armatus,</span> <span class='ocrx_word' id='word_1_255' title='bbox 1118 3569 1169 3633; x_wconf 91' lang='lat' dir='ltr'>vel</span> <span class='ocrx_word' id='word_1_256' title='bbox 1193 3569 1303 3652; x_wconf 92' lang='lat' dir='ltr'>potius</span> <span class='ocrx_word' id='word_1_257' title='bbox 1319 3569 1438 3631; x_wconf 89' lang='lat' dir='ltr'>serrum</span> 
     </span>
    </p>
   </div>
   <div class='ocr_carea' id='block_1_3' title="bbox 278 3736 1440 4547">
    <p class='ocr_par' dir='ltr' id='par_1_4' title="bbox 290 3736 1440 3978">
     <span class='ocr_line' id='line_1_32' title="bbox 326 3736 1440 3806; baseline -0.004 -13"><span class='ocrx_word' id='word_1_258' title='bbox 326 3736 348 3768; x_wconf 70' lang='lat'>⁸³</span> <span class='ocrx_word' id='word_1_259' title='bbox 368 3740 393 3793; x_wconf 92' lang='lat' dir='ltr'>lt</span> <span class='ocrx_word' id='word_1_260' title='bbox 412 3749 486 3796; x_wconf 91' lang='lat' dir='ltr'>must</span> <span class='ocrx_word' id='word_1_261' title='bbox 505 3739 540 3796; x_wconf 87' lang='lat' dir='ltr'>be</span> <span class='ocrx_word' id='word_1_262' title='bbox 559 3740 751 3795; x_wconf 88' lang='lat' dir='ltr'>remembered</span> <span class='ocrx_word' id='word_1_263' title='bbox 770 3741 830 3793; x_wconf 85' lang='lat' dir='ltr'>that</span> <span class='ocrx_word' id='word_1_264' title='bbox 850 3741 946 3793; x_wconf 90' lang='lat' dir='ltr'>Bacon</span> <span class='ocrx_word' id='word_1_265' title='bbox 966 3755 1023 3793; x_wconf 88' lang='lat' dir='ltr'>was</span> <span class='ocrx_word' id='word_1_266' title='bbox 1041 3747 1091 3792; x_wconf 91' lang='lat' dir='ltr'>not</span> <span class='ocrx_word' id='word_1_267' title='bbox 1112 3755 1204 3791; x_wconf 85' lang='lat' dir='ltr'>aware</span> <span class='ocrx_word' id='word_1_268' title='bbox 1223 3737 1285 3791; x_wconf 89' lang='lat' dir='ltr'>that</span> <span class='ocrx_word' id='word_1_269' title='bbox 1305 3736 1440 3806; x_wconf 88' lang='lat' dir='ltr'>probably</span> 
     </span>
     <span class='ocr_line' id='line_1_33' title="bbox 290 3821 1439 3893; baseline -0.002 -17"><span class='ocrx_word' id='word_1_270' title='bbox 290 3839 345 3892; x_wconf 89' lang='lat' dir='ltr'>any</span> <span class='ocrx_word' id='word_1_271' title='bbox 356 3823 433 3891; x_wconf 89' lang='lat' dir='ltr'>body</span> <span class='ocrx_word' id='word_1_272' title='bbox 446 3840 519 3892; x_wconf 90' lang='lat' dir='ltr'>may,</span> <span class='ocrx_word' id='word_1_273' title='bbox 533 3823 571 3893; x_wconf 95' lang='lat' dir='ltr'>by</span> <span class='ocrx_word' id='word_1_274' title='bbox 586 3842 604 3877; x_wconf 91' lang='lat' dir='ltr'>a</span> <span class='ocrx_word' id='word_1_275' title='bbox 621 3824 758 3879; x_wconf 87' lang='lat' dir='ltr'>sufficient</span> <span class='ocrx_word' id='word_1_276' title='bbox 777 3823 943 3878; x_wconf 90' lang='lat' dir='ltr'>diminution</span> <span class='ocrx_word' id='word_1_277' title='bbox 962 3841 993 3877; x_wconf 92' lang='lat' dir='ltr'>or</span> <span class='ocrx_word' id='word_1_278' title='bbox 1012 3822 1137 3876; x_wconf 89' lang='lat' dir='ltr'>increase</span> <span class='ocrx_word' id='word_1_279' title='bbox 1156 3821 1187 3875; x_wconf 86' lang='lat' dir='ltr'>oi</span> <span class='ocrx_word' id='word_1_280' title='bbox 1202 3829 1394 3892; x_wconf 87' lang='lat' dir='ltr'>temperature,</span> <span class='ocrx_word' id='word_1_281' title='bbox 1405 3821 1439 3874; x_wconf 93' lang='lat' dir='ltr'>be</span> 
     </span>
     <span class='ocr_line' id='line_1_34' title="bbox 290 3905 1130 3978; baseline -0.002 -18"><span class='ocrx_word' id='word_1_282' title='bbox 290 3905 372 3960; x_wconf 89' lang='lat' dir='ltr'>made</span> <span class='ocrx_word' id='word_1_283' title='bbox 386 3906 466 3972; x_wconf 93' lang='lat' dir='ltr'>solid,</span> <span class='ocrx_word' id='word_1_284' title='bbox 480 3906 574 3976; x_wconf 90' lang='lat' dir='ltr'>liquid,</span> <span class='ocrx_word' id='word_1_285' title='bbox 588 3925 619 3962; x_wconf 89' lang='lat' dir='ltr'>or</span> <span class='ocrx_word' id='word_1_286' title='bbox 631 3924 759 3978; x_wconf 87' lang='lat' dir='ltr'>gaseous.</span> <span class='ocrx_word' id='word_1_287' title='bbox 796 3910 850 3963; x_wconf 91' lang='lat' dir='ltr'>See</span> <span class='ocrx_word' id='word_1_288' title='bbox 863 3925 891 3961; x_wconf 92' lang='lat' dir='ltr'>n.</span> <span class='ocrx_word' id='word_1_289' title='bbox 905 3921 938 3974; x_wconf 83' lang='lat'>37</span> <span class='ocrx_word' id='word_1_290' title='bbox 951 3924 987 3961; x_wconf 92' lang='lat' dir='ltr'>on</span> <span class='ocrx_word' id='word_1_291' title='bbox 1000 3907 1074 3976; x_wconf 84' lang='lat' dir='ltr'>Aph.</span> <span class='ocrx_word' id='word_1_292' title='bbox 1089 3921 1130 3974; x_wconf 85' lang='lat'>33.</span> 
     </span>
    </p>

    <p class='ocr_par' dir='ltr' id='par_1_5' title="bbox 278 3988 1440 4547">
     <span class='ocr_line' id='line_1_35' title="bbox 326 3988 1440 4060; baseline -0.001 -19"><span class='ocrx_word' id='word_1_293' title='bbox 326 3988 347 4018; x_wconf 82' lang='lat'>⁶⁴</span> <span class='ocrx_word' id='word_1_294' title='bbox 369 3989 465 4044; x_wconf 90' lang='lat' dir='ltr'>Bacon</span> <span class='ocrx_word' id='word_1_295' title='bbox 479 4009 544 4058; x_wconf 90' lang='lat' dir='ltr'>was,</span> <span class='ocrx_word' id='word_1_296' title='bbox 557 3991 589 4045; x_wconf 86' lang='lat' dir='ltr'>ol</span> <span class='ocrx_word' id='word_1_297' title='bbox 603 4008 709 4058; x_wconf 90' lang='lat' dir='ltr'>course,</span> <span class='ocrx_word' id='word_1_298' title='bbox 723 3991 751 4045; x_wconf 93' lang='lat' dir='ltr'>in</span> <span class='ocrx_word' id='word_1_299' title='bbox 764 4007 841 4045; x_wconf 90' lang='lat' dir='ltr'>error</span> <span class='ocrx_word' id='word_1_300' title='bbox 853 3991 881 4045; x_wconf 92' lang='lat' dir='ltr'>in</span> <span class='ocrx_word' id='word_1_301' title='bbox 895 3989 1049 4060; x_wconf 86' lang='lat' dir='ltr'>supposing</span> <span class='ocrx_word' id='word_1_302' title='bbox 1061 3990 1123 4044; x_wconf 87' lang='lat' dir='ltr'>that</span> <span class='ocrx_word' id='word_1_303' title='bbox 1136 3988 1248 4058; x_wconf 92' lang='lat' dir='ltr'>liquids,</span> <span class='ocrx_word' id='word_1_304' title='bbox 1259 4005 1290 4042; x_wconf 90' lang='lat' dir='ltr'>as</span> <span class='ocrx_word' id='word_1_305' title='bbox 1305 3988 1382 4053; x_wconf 91' lang='lat' dir='ltr'>such,</span> <span class='ocrx_word' id='word_1_306' title='bbox 1393 4003 1440 4040; x_wconf 88' lang='lat' dir='ltr'>are</span> 
     </span>
     <span class='ocr_line' id='line_1_36' title="bbox 290 4071 1440 4143; baseline -0.003 -16"><span class='ocrx_word' id='word_1_307' title='bbox 290 4090 366 4128; x_wconf 89' lang='lat' dir='ltr'>more</span> <span class='ocrx_word' id='word_1_308' title='bbox 378 4073 585 4143; x_wconf 85' lang='lat' dir='ltr'>homogeneous</span> <span class='ocrx_word' id='word_1_309' title='bbox 598 4075 666 4129; x_wconf 91' lang='lat' dir='ltr'>than</span> <span class='ocrx_word' id='word_1_310' title='bbox 680 4075 774 4132; x_wconf 88' lang='lat' dir='ltr'>solids.</span> <span class='ocrx_word' id='word_1_311' title='bbox 800 4075 862 4129; x_wconf 93' lang='lat' dir='ltr'>The</span> <span class='ocrx_word' id='word_1_312' title='bbox 871 4091 973 4128; x_wconf 89' lang='lat' dir='ltr'>reason</span> <span class='ocrx_word' id='word_1_313' title='bbox 983 4074 1043 4130; x_wconf 85' lang='lat' dir='ltr'>that</span> <span class='ocrx_word' id='word_1_314' title='bbox 1054 4072 1187 4127; x_wconf 90' lang='lat' dir='ltr'>cohesion</span> <span class='ocrx_word' id='word_1_315' title='bbox 1198 4071 1221 4128; x_wconf 88' lang='lat' dir='ltr'>is</span> <span class='ocrx_word' id='word_1_316' title='bbox 1231 4088 1307 4126; x_wconf 89' lang='lat' dir='ltr'>more</span> <span class='ocrx_word' id='word_1_317' title='bbox 1317 4071 1440 4140; x_wconf 89' lang='lat' dir='ltr'>strongly</span> 
     </span>
     <span class='ocr_line' id='line_1_37' title="bbox 290 4156 1440 4230; baseline -0.003 -19"><span class='ocrx_word' id='word_1_318' title='bbox 290 4159 401 4212; x_wconf 86' lang='lat' dir='ltr'>exerted</span> <span class='ocrx_word' id='word_1_319' title='bbox 414 4157 442 4212; x_wconf 91' lang='lat' dir='ltr'>in</span> <span class='ocrx_word' id='word_1_320' title='bbox 456 4160 542 4213; x_wconf 91' lang='lat' dir='ltr'>solids</span> <span class='ocrx_word' id='word_1_321' title='bbox 554 4160 623 4214; x_wconf 91' lang='lat' dir='ltr'>than</span> <span class='ocrx_word' id='word_1_322' title='bbox 637 4159 665 4213; x_wconf 91' lang='lat' dir='ltr'>in</span> <span class='ocrx_word' id='word_1_323' title='bbox 679 4159 781 4230; x_wconf 88' lang='lat' dir='ltr'>liquids</span> <span class='ocrx_word' id='word_1_324' title='bbox 795 4159 818 4214; x_wconf 90' lang='lat' dir='ltr'>is</span> <span class='ocrx_word' id='word_1_325' title='bbox 831 4159 892 4213; x_wconf 90' lang='lat' dir='ltr'>that</span> <span class='ocrx_word' id='word_1_326' title='bbox 907 4158 942 4212; x_wconf 90' lang='lat' dir='ltr'>its</span> <span class='ocrx_word' id='word_1_327' title='bbox 955 4159 1090 4227; x_wconf 87' lang='lat' dir='ltr'>intensity</span> <span class='ocrx_word' id='word_1_328' title='bbox 1103 4158 1250 4214; x_wconf 87' lang='lat' dir='ltr'>decreases</span> <span class='ocrx_word' id='word_1_329' title='bbox 1263 4173 1294 4210; x_wconf 90' lang='lat' dir='ltr'>as</span> <span class='ocrx_word' id='word_1_330' title='bbox 1307 4156 1356 4210; x_wconf 90' lang='lat' dir='ltr'>the</span> <span class='ocrx_word' id='word_1_331' title='bbox 1368 4165 1440 4209; x_wconf 89' lang='lat' dir='ltr'>tem-</span> 
     </span>
     <span class='ocr_line' id='line_1_38' title="bbox 290 4238 1440 4312; baseline -0.003 -17"><span class='ocrx_word' id='word_1_332' title='bbox 290 4251 418 4311; x_wconf 86' lang='lat' dir='ltr'>perature</span> <span class='ocrx_word' id='word_1_333' title='bbox 431 4241 579 4310; x_wconf 89' lang='lat' dir='ltr'>increases,</span> <span class='ocrx_word' id='word_1_334' title='bbox 592 4243 677 4312; x_wconf 88' lang='lat' dir='ltr'>being</span> <span class='ocrx_word' id='word_1_335' title='bbox 690 4242 888 4297; x_wconf 89' lang='lat' dir='ltr'>counteracted</span> <span class='ocrx_word' id='word_1_336' title='bbox 906 4243 944 4310; x_wconf 96' lang='lat' dir='ltr'>by</span> <span class='ocrx_word' id='word_1_337' title='bbox 957 4243 1004 4296; x_wconf 90' lang='lat' dir='ltr'>the</span> <span class='ocrx_word' id='word_1_338' title='bbox 1020 4242 1157 4312; x_wconf 89' lang='lat' dir='ltr'>repulsive</span> <span class='ocrx_word' id='word_1_339' title='bbox 1170 4241 1245 4294; x_wconf 81' lang='lat' dir='ltr'>force</span> <span class='ocrx_word' id='word_1_340' title='bbox 1258 4239 1313 4294; x_wconf 89' lang='lat' dir='ltr'>due</span> <span class='ocrx_word' id='word_1_341' title='bbox 1325 4248 1354 4292; x_wconf 93' lang='lat' dir='ltr'>to</span> <span class='ocrx_word' id='word_1_342' title='bbox 1366 4238 1440 4292; x_wconf 86' lang='lat' dir='ltr'>beat.</span> 
     </span>
     <span class='ocr_line' id='line_1_39' title="bbox 278 4323 1440 4396; baseline -0.005 -16"><span class='ocrx_word' id='word_1_343' title='bbox 278 4327 330 4392; x_wconf 65' lang='lat' dir='ltr'>,So</span> <span class='ocrx_word' id='word_1_344' title='bbox 342 4325 385 4379; x_wconf 86' lang='lat' dir='ltr'>far</span> <span class='ocrx_word' id='word_1_345' title='bbox 396 4326 467 4380; x_wconf 81' lang='lat' dir='ltr'>from</span> <span class='ocrx_word' id='word_1_346' title='bbox 480 4326 612 4380; x_wconf 90' lang='lat' dir='ltr'>cohesion</span> <span class='ocrx_word' id='word_1_347' title='bbox 625 4327 710 4396; x_wconf 88' lang='lat' dir='ltr'>being</span> <span class='ocrx_word' id='word_1_348' title='bbox 722 4337 832 4395; x_wconf 87' lang='lat' dir='ltr'>greater</span> <span class='ocrx_word' id='word_1_349' title='bbox 839 4326 867 4379; x_wconf 89' lang='lat' dir='ltr'>in</span> <span class='ocrx_word' id='word_1_350' title='bbox 878 4327 1097 4394; x_wconf 89' lang='lat' dir='ltr'>heterogeneous</span> <span class='ocrx_word' id='word_1_351' title='bbox 1110 4326 1179 4379; x_wconf 86' lang='lat' dir='ltr'>than</span> <span class='ocrx_word' id='word_1_352' title='bbox 1192 4324 1220 4377; x_wconf 95' lang='lat' dir='ltr'>in</span> <span class='ocrx_word' id='word_1_353' title='bbox 1233 4323 1440 4391; x_wconf 87' lang='lat' dir='ltr'>homogeneous</span> 
     </span>
     <span class='ocr_line' id='line_1_40' title="bbox 291 4406 1440 4479; baseline -0.003 -17"><span class='ocrx_word' id='word_1_354' title='bbox 291 4409 397 4473; x_wconf 91' lang='lat' dir='ltr'>bodies,</span> <span class='ocrx_word' id='word_1_355' title='bbox 412 4409 432 4463; x_wconf 92' lang='lat' dir='ltr'>it</span> <span class='ocrx_word' id='word_1_356' title='bbox 446 4409 469 4464; x_wconf 91' lang='lat' dir='ltr'>is</span> <span class='ocrx_word' id='word_1_357' title='bbox 482 4409 618 4479; x_wconf 89' lang='lat' dir='ltr'>precisely</span> <span class='ocrx_word' id='word_1_358' title='bbox 630 4411 755 4466; x_wconf 87' lang='lat' dir='ltr'>between</span> <span class='ocrx_word' id='word_1_359' title='bbox 775 4409 925 4464; x_wconf 88' lang='lat' dir='ltr'>molecules</span> <span class='ocrx_word' id='word_1_360' title='bbox 939 4409 971 4464; x_wconf 82' lang='lat' dir='ltr'>of</span> <span class='ocrx_word' id='word_1_361' title='bbox 980 4411 1027 4464; x_wconf 87' lang='lat' dir='ltr'>the</span> <span class='ocrx_word' id='word_1_362' title='bbox 1040 4426 1117 4464; x_wconf 89' lang='lat' dir='ltr'>same</span> <span class='ocrx_word' id='word_1_363' title='bbox 1129 4417 1228 4463; x_wconf 84' lang='lat' dir='ltr'>nature</span> <span class='ocrx_word' id='word_1_364' title='bbox 1242 4408 1303 4461; x_wconf 87' lang='lat' dir='ltr'>that</span> <span class='ocrx_word' id='word_1_365' title='bbox 1316 4406 1337 4460; x_wconf 92' lang='lat' dir='ltr'>it</span> <span class='ocrx_word' id='word_1_366' title='bbox 1349 4415 1440 4460; x_wconf 85' lang='lat' dir='ltr'>exerts</span> 
     </span>
     <span class='ocr_line' id='line_1_41' title="bbox 292 4490 423 4547; baseline 0.031 -4"><span class='ocrx_word' id='word_1_367' title='bbox 292 4490 327 4546; x_wconf 92' lang='lat' dir='ltr'>its</span> <span class='ocrx_word' id='word_1_368' title='bbox 340 4492 423 4547; x_wconf 82' lang='lat' dir='ltr'>force.</span> 
     </span>
    </p>
   </div>
   <div class='ocr_carea' id='block_1_4' title="bbox 0 0 1689 5152">
    <p class='ocr_par' dir='ltr' id='par_1_6' title="bbox 0 0 1689 5152">
     <span class='ocr_line' id='line_1_42' title="bbox 0 0 1689 5152; baseline 0 0"><span class='ocrx_word' id='word_1_369' title='bbox 0 0 1689 5152; x_wconf 95' lang='lat' dir='ltr'> </span> 
     </span>
    </p>
   </div>
  </div>
 </body>
</html>
