3342 5152
293 405 359 466 400
675 396 832 453 NOVUM
852 396 1070 455 ORGANUM.

295 562 392 625 istam
414 562 568 626 unionem
592 570 739 639 naturae,
756 583 842 645 quae
865 571 916 627 est
939 583 989 626 res
1013 563 1161 626 maxime
1183 562 1381 646 principalis,
1404 563 1447 626 de

295 677 433 730 naturae
448 667 663 730 divisionibus
681 677 715 732 et
729 667 832 744 venis,
848 677 917 732 tarn
936 667 1109 732 ordinariis
1124 688 1224 750 quam
1241 667 1448 732 interioribus

296 781 330 834 et
344 771 533 850 verioribus,
548 792 608 836 suo
623 771 697 836 loco
712 781 830 856 postea
845 773 979 837 dicetur.

806 993 939 1059 XVIII.

339 1139 415 1221 Jam
447 1160 525 1205 vero
559 1141 810 1224 proponendum
844 1150 895 1204 est
929 1140 1120 1224 exemplum
1153 1139 1347 1206 exclusionis
1379 1142 1448 1206 sive

296 1245 476 1328 rejectccms
503 1255 703 1322 naturarum,
728 1265 814 1328 quae
843 1265 908 1334 per,
932 1243 1058 1308 tabulas
1089 1247 1326 1327 cocnparcntiac
1356 1266 1447 1330 repe-

296 1350 424 1413 riuntur
438 1370 504 1413 non
523 1371 593 1414 esse
613 1371 656 1413 ex
675 1349 781 1414 forma
801 1347 919 1424 calidi;
943 1348 1023 1412 illud
1042 1349 1172 1413 interim
1192 1352 1367 1428 monendo,
1382 1370 1447 1414 non

295 1454 404 1518 solnm
419 1455 566 1518 sufficere
581 1454 724 1537 singulas
741 1452 868 1516 tabulas
882 1453 925 1517 ad
937 1452 1138 1535 rejectcbncm
1150 1453 1286 1536 alicujus
1302 1465 1447 1530 naturae,

296 1559 354 1622 sed
386 1559 486 1622 etiam
517 1578 783 1640 unamquamque
811 1578 858 1621 ex
887 1557 1049 1621 instantiis
1078 1557 1297 1640 singularibus
1325 1559 1358 1624 in
1385 1558 1448 1622 illis

296 1663 466 1729 contentis
522 1662 735 1726 Manifestum
768 1663 856 1725 enim
890 1672 941 1726 est
972 1682 1016 1726 ex
1050 1661 1098 1739 iis,
1129 1682 1214 1744 quae
1245 1663 1333 1727 dicta
1363 1675 1448 1738 sunt,

297 1787 430 1830 omnem
461 1765 655 1831 instantiam
687 1765 974 1830 contradictoriam
1007 1765 1176 1830 destruere
1208 1766 1374 1849 opinabile
1406 1769 1448 1831 de

297 1869 447 1935 forma⁸⁷.
498 1869 566 1934 Sed
596 1868 808 1935 nihilominus
837 1870 1038 1952 quandoque
1069 1869 1309 1953 perspicuitatis
1339 1891 1447 1944 causa,

297 1985 331 2038 et
355 1985 391 2038 ut
415 1994 492 2038 usus
513 1973 699 2038 tabularum
719 1973 837 2039 clarius
857 1975 1108 2051 demonstretur,
1123 1972 1320 2040 exclusivum
1339 1974 1447 2058 dupli-

297 2099 410 2144 camus
425 2089 483 2142 aut
498 2079 686 2162 repetimus.

344 2299 546 2382 Exemplum
561 2299 750 2376 exclusiva,
766 2298 835 2363 sive
849 2298 1030 2381 rejectionis
1045 2305 1243 2362 naturarum
1258 2319 1279 2362 a
1293 2298 1397 2363 forma

818 2403 925 2468 calidi.

323 2570 348 2613 1.
374 2550 436 2614 Per
451 2550 560 2614 radios
575 2549 661 2629 solis,
675 2549 771 2634 rcjicc
786 2561 937 2614 naturam
954 2548 1188 2614 elementarem
1198 2546 1235 2610 ⁸⁸.

323 2672 353 2719 2.
376 2654 437 2718 Per
451 2655 562 2737 ignem
581 2673 801 2732 communem,
817 2665 850 2718 et
869 2653 1017 2718 maxime
1035 2673 1093 2736 per
1109 2653 1200 2736 ignes
1219 2652 1448 2718 subterraneos

428 2756 498 2843 (qui
529 2759 738 2823 remotissimi
768 2769 853 2832 sunt,
877 2767 910 2822 et
936 2757 1114 2840 plurimum
1144 2757 1404 2822 intercluduntur
1429 2781 1448 2822 a

429 2862 528 2927 radiis
544 2859 762 2948 coelestibus),
778 2863 872 2946 rciicc
887 2871 1040 2926 naturam
1055 2859 1240 2926 coelestem.

321 2985 350 3050 3.
376 2967 437 3032 Per
459 2965 706 3032 calefactionem
730 2967 941 3049 omnigenum
968 2984 1141 3046 corporum
1165 2961 1241 3050 (hoc
1263 2975 1323 3039 est,
1347 2965 1449 3029 mine-

430 3071 557 3146 ralium‚
581 3070 825 3152 vegetabilium,
849 3069 992 3152 partium
1018 3067 1221 3132 exteriorum
1248 3068 1449 3144 animalium,

429 3194 543 3257 aquae,
570 3172 643 3249 olei,
669 3175 764 3250 atris,
790 3184 823 3237 et
850 3169 1065 3254 reliquorum)
1089 3192 1133 3235 ex
1159 3173 1449 3255 approximatione

430 3277 500 3341 sola
520 3279 563 3341 ad
584 3279 694 3361 ignem
710 3288 768 3341 aut
788 3275 877 3341 aliud
896 3296 1015 3358 corpus
1033 3275 1185 3348 calidum,
1201 3275 1296 3358 rcp'icc
1315 3296 1449 3340 omnem

428 3383 622 3446 varietatem
637 3381 705 3445 sive
720 3381 924 3446 subtiliorem
940 3391 1109 3445 texturam
1125 3400 1310 3464 corporum.

322 3507 351 3562 4.
377 3486 438 3550 Per
475 3485 596 3549 ferrum
634 3495 668 3549 et
706 3485 840 3550 metalla
877 3485 991 3569 ignita,
1029 3504 1113 3567 quae
1153 3483 1348 3548 calefaciunt
1385 3483 1450 3548 alia

429 3609 575 3672 corpora,
604 3609 664 3653 nec
693 3599 806 3654 tamen
836 3590 971 3654 omnino
1002 3590 1148 3672 pondere
1177 3597 1236 3653 aut
1266 3589 1450 3653 substantia

430 3693 628 3771 minuuntur,
644 3693 740 3776 rejice
754 3694 948 3758 inditionem
964 3692 1031 3757 sive
1051 3694 1230 3757 mixturam
1246 3694 1451 3758 substantiae

430 3797 564 3861 alterius
579 3796 686 3861 calidi.

321 3913 352 3980 5.
377 3903 438 3966 Per
467 3922 589 3984 aquam
622 3901 802 3967 ferventem
839 3911 940 3984 atque
973 3907 1093 3975 adrem,
1124 3911 1225 3984 atque
1258 3901 1358 3966 etiam
1393 3922 1452 3986 per

336 4174 356 4205 ⁸¹
377 4177 427 4246 Cp.
440 4185 522 4230 notes
535 4192 572 4230 on
582 4175 655 4245 Aph.
670 4176 709 4230 16.
740 4175 834 4230 These
847 4175 900 4230 will
914 4175 990 4230 shew
1003 4175 1050 4230 the
1063 4172 1267 4246 qualifications
1280 4173 1346 4228 with
1359 4173 1450 4228 which

301 4260 421 4314 Bacon’s
434 4258 570 4313 assertion
582 4267 657 4313 must
670 4259 706 4313 be
719 4259 812 4313 taken.

336 4340 357 4372 ⁸⁸
375 4343 451 4396 That
463 4341 486 4397 is
500 4341 650 4396 terrestrial
663 4359 694 4396 as
707 4341 831 4411 opposed
845 4350 874 4395 to
887 4339 1018 4408 celestial,
1029 4341 1065 4395 all
1078 4340 1229 4396 terrestrial
1241 4349 1354 4395 natures
1367 4339 1451 4409 being

300 4425 436 4492 regarded
461 4442 492 4480 as
517 4424 668 4494 admitting
691 4425 721 4480 of
748 4423 899 4480 resolution
929 4424 987 4480 into
1020 4441 1074 4480 one
1103 4441 1135 4479 or
1164 4440 1241 4479 more
1266 4424 1299 4478 of
1319 4424 1366 4478 the
1391 4423 1452 4478 four

300 4508 444 4563 elementa.
