3280 5238
317 409 383 491 458
698 418 853 474 noves!
872 417 1091 474 oscarum

320 603 380 666 per
394 582 544 648 breviora
560 583 731 648 intervalla
746 585 790 648 ad
805 585 933 648 exitum
949 585 1178 668 perducantur.
1223 581 1324 668 Quod
1345 583 1372 648 si
1392 581 1470 667 quis

320 688 354 750 id
382 687 499 750 sedulo
526 699 614 769 agat,
636 699 672 752 ut
699 687 844 752 calorem
869 688 955 770 ignis
984 699 1183 772 attemperet
1205 697 1240 752 et
1263 690 1396 752 reducat
1422 689 1468 752 ad

320 793 460 872 gradum
477 793 731 856 moderatiorem
752 801 786 856 et
808 793 964 855 leniorem
981 789 1086 875 (quod
1110 793 1221 856 multis
1244 793 1351 856 modis
1371 791 1470 856 facile

322 893 382 979 fit),
400 896 520 960 deinde
539 897 639 959 etiam
663 896 829 979 inspergat
851 905 886 960 et
907 897 1089 960 admisceat
1112 895 1303 961 nonnullam
1325 896 1469 959 humidi·

320 1008 436 1076 tatem,
445 999 593 1064 maxime
603 1011 715 1064 autem
728 1001 755 1063 si
769 1001 916 1064 imitetur
930 999 1073 1064 calorem
1082 1001 1161 1063 solis
1177 1001 1208 1062 in
1225 1001 1468 1082 inaequalitate,

321 1113 490 1186 postremo
510 1103 537 1166 si
559 1123 685 1166 moram
710 1105 874 1186 patienter
895 1103 1012 1167 toleret
1029 1101 1109 1188 (non
1127 1115 1215 1168 certe
1232 1123 1305 1166 eam
1325 1103 1469 1185 quaesit

321 1209 571 1290 proportionata
589 1208 745 1291 operibus
760 1206 848 1284 solis,
863 1208 922 1271 sed
939 1207 1115 1291 largiorem
1129 1229 1230 1290 quam
1246 1207 1396 1270 homines
1409 1207 1469 1270 ad·

321 1312 435 1375 hibere
452 1311 560 1375 solent
577 1312 608 1374 in
624 1313 780 1395 operibus
796 1311 903 1396 ignis),
919 1312 947 1374 is
965 1313 1059 1376 facile
1075 1313 1207 1375 missam
1224 1312 1322 1375 saciet
1337 1311 1468 1374 hetero-

320 1417 453 1498 geniam
470 1415 560 1480 illam
581 1415 707 1494 caloris,
721 1427 756 1479 et
771 1415 823 1480 vel
839 1416 982 1480 tentabit
996 1415 1049 1480 vel
1068 1417 1270 1498 exaequabit
1284 1415 1336 1478 vel
1356 1415 1389 1478 in
1407 1415 1468 1480 ali-

320 1520 442 1602 quibus
461 1521 569 1584 vincet
589 1541 690 1604 opera
713 1519 799 1596 solis,
815 1542 873 1604 per
896 1519 1040 1584 calorem
1063 1521 1158 1604 ignis.
1203 1517 1328 1583 Similis
1342 1521 1468 1583 instan-

321 1622 526 1705 tiasoederis
540 1635 591 1688 est
610 1626 816 1688 resuscitatio
837 1626 1043 1708 papilionum
1067 1645 1110 1688 ex
1130 1624 1250 1705 frigore
1264 1625 1469 1705 stupentium

320 1738 353 1791 et
383 1738 541 1810 tanquam
572 1741 807 1805 emortuarum,
838 1750 895 1812 per
927 1729 1088 1811 exiguum
1117 1737 1268 1809 teporem
1298 1727 1400 1809 ignis;
1430 1737 1468 1790 ut

319 1830 414 1896 facile
430 1852 543 1895 cernas
559 1853 624 1895 non
640 1833 746 1914 magis
761 1843 918 1914 negatum
934 1854 1005 1895 esse
1022 1833 1088 1914 igni
1105 1831 1270 1895 vivificare
1284 1830 1468 1895 animantia

321 1955 421 2018 quam
449 1947 613 2000 maturare
638 1937 847 2019 vegetabilia.
903 1937 1016 2001 Etiam
1043 1937 1212 2000 inventum
1237 1933 1316 1999 illud
1339 1935 1469 1999 celebre

322 2039 519 2104 Fracastorii
536 2037 562 2076 ⁵²
584 2041 627 2104 de
656 2042 822 2123 sartagine
851 2041 969 2105 acriter
995 2040 1164 2114 calefacta,
1188 2059 1254 2122 qua
1278 2040 1468 2102 circundant

322 2145 439 2208 medici
462 2146 572 2226 capita
594 2144 873 2228 apoplecticorum
897 2147 1155 2228 desperatorum,
1177 2145 1340 2224 expandit
1362 2143 1467 2206 mani-

321 2248 403 2312 feste
416 2249 550 2331 spiritus
565 2249 725 2312 animales
737 2251 779 2313 ab
801 2249 995 2313 humoribus
1006 2259 1040 2312 et
1053 2249 1333 2313 obstructiouibus
1345 2243 1469 2312 cerebri

321 2373 525 2435 compressos
544 2363 577 2416 et
593 2353 686 2436 quasi
702 2355 878 2428 extinctos
894 2353 1033 2435 illosque
1048 2353 1092 2416 ad
1108 2363 1235 2416 motum
1251 2352 1386 2423 excitat,
1401 2371 1467 2414 non

322 2455 417 2520 aliter
431 2477 531 2540 quam
549 2457 633 2540 ignis
654 2469 812 2540 operatur
827 2459 860 2520 in
875 2477 997 2539 aquam
1016 2467 1074 2521 aut
1097 2463 1216 2531 ae'rem,
1235 2465 1269 2518 et
1284 2467 1396 2518 tamen
1411 2475 1470 2538 per

320 2581 524 2643 consequens
546 2561 698 2626 vivificat.
745 2561 857 2625 Etiam
880 2583 945 2625 ova
967 2560 1147 2643 aliquando
1166 2559 1390 2624 excluduntur
1410 2579 1469 2642 per

320 2664 463 2729 calorem
488 2665 580 2746 ignis,
603 2666 636 2728 id
658 2666 748 2748 quod
772 2686 905 2749 prorsus
928 2666 1078 2730 imitatur
1103 2663 1245 2728 calorem
1270 2663 1466 2738 animalem3

320 2779 355 2831 et
377 2769 547 2850 complura
571 2769 753 2851 ejusmodi;
785 2779 821 2832 ut
845 2789 943 2834 nemo
966 2769 1118 2833 dubitare
1142 2769 1247 2851 possit
1272 2769 1352 2850 quin
1380 2766 1467 2830 calor

322 2873 405 2955 ignis
421 2874 453 2935 in
470 2873 581 2936 multis
597 2874 753 2956 subjectis
772 2873 953 2938 modificari
969 2874 1075 2957 possit
1089 2875 1132 2937 ad
1149 2873 1327 2956 imaginem
1350 2871 1467 2936 caloris

321 2978 512 3042 coelestium
528 2989 561 3042 et
577 2979 780 3042 animalium.

367 3081 525 3145 Similiter
547 3081 611 3145 sint
635 3093 771 3146 naturae
792 3083 966 3165 inquisitae
986 3081 1100 3146 Motus
1122 3090 1156 3144 et
1171 3079 1284 3162 Quies.
1329 3078 1468 3142 Videtur

322 3205 392 3248 esse
407 3186 524 3248 divisio
540 3185 683 3250 solennis
698 3194 799 3267 atque
810 3207 854 3248 ex
864 3187 980 3250 intima
996 3183 1216 3268 philosophia,
1228 3183 1319 3264 quod
1330 3202 1467 3265 corpora

321 3289 485 3353 naturalia
499 3289 552 3352 vel
570 3299 687 3365 rotent,
696 3289 748 3353 vel
768 3291 912 3355 serantur
929 3298 1027 3363 recta,
1037 3289 1089 3353 vel
1104 3298 1192 3352 stent
1207 3288 1275 3351 sive
1290 3287 1466 3369 quiescant.

321 3393 393 3457 Aut
416 3393 503 3456 enim
527 3404 576 3457 est
600 3404 709 3457 motus
731 3395 800 3458 sine
826 3396 976 3471 termino,
992 3404 1050 3457 aut
1071 3393 1171 3457 statio
1194 3393 1227 3455 in
1246 3391 1396 3464 termino,
1411 3400 1467 3453 aut

320 3494 402 3560 latio
417 3498 459 3560 ad
477 3497 662 3560 terminum.
708 3497 758 3562 At
774 3509 884 3564 motus
905 3497 958 3562 ille
977 3499 1128 3581 perennis
1151 3495 1323 3561 rotationis
1338 3496 1467 3558 videtur

321 3621 390 3664 esse
412 3598 604 3663 coelestium
627 3603 800 3685 proprius3
823 3605 921 3666 statio
940 3602 1008 3666 slve
1023 3603 1116 3683 quies
1131 3601 1259 3664 videtur
1281 3609 1468 3682 competere

356 3837 379 3870 ⁶²
399 3841 425 3896 lt
436 3841 460 3895 is
470 3841 575 3896 related
583 3841 615 3896 ol
625 3842 681 3896 this
693 3842 899 3912 distinguished
910 3843 1056 3912 physician
1066 3843 1147 3911 (born
1155 3853 1184 3896 at
1193 3841 1303 3895 Verona
1316 3841 1392 3907 1483,
1403 3839 1466 3893 died

324 3923 404 3994 1553)
417 3926 488 3994 that,
500 3926 638 3995 apoplexy
651 3925 755 3994 having
766 3925 902 3995 deprived
915 3926 973 3980 him
985 3926 1017 3980 of
1025 3927 1073 3980 the
1086 3942 1136 3979 use
1148 3924 1180 3978 oi
1188 3924 1299 3993 speech,
1309 3923 1345 3977 he
1357 3923 1440 3976 made
1451 3941 1468 3976 a

321 4008 383 4079 sign
396 4018 425 4062 to
439 4007 482 4063 his
496 4019 623 4064 servants
636 4019 665 4063 to
678 4010 762 4078 apply
776 4009 1019 4079 cupping-glasses
1032 4019 1061 4064 to
1073 4007 1118 4062 his
1136 4007 1209 4062 head
1221 4023 1229 4073 ;
1248 4007 1306 4075 but,
1319 4016 1368 4062 not
1385 4005 1469 4076 being

321 4092 502 4158 understood,
514 4093 549 4148 he
563 4092 628 4147 died
642 4092 670 4146 in
683 4110 700 4146 a
713 4093 765 4146 lew
779 4092 873 4146 hours.
1183 4121 1184 4124 ¹

358 4176 489 4245 Cupping
508 4175 531 4230 is
550 4175 668 4230 affected
688 4175 725 4243 by
738 4176 879 4244 rarefying
898 4177 945 4229 the
963 4176 1005 4230 air
1024 4174 1119 4229 within
1139 4175 1187 4230 the
1205 4175 1304 4241 vessel,
1323 4173 1380 4227 and
1404 4173 1467 4227 thus

320 4258 450 4327 partially
461 4257 607 4328 removing
619 4259 667 4312 the
680 4258 870 4328 atmospheric
883 4276 1011 4328 pressure
1023 4259 1094 4313 from
1107 4262 1156 4314 the
1173 4260 1281 4313 surlace
1293 4257 1325 4312 of
1334 4257 1382 4312 the
1396 4256 1466 4324 skin,

321 4341 411 4394 which
424 4342 604 4410 accordingly
616 4341 694 4398 rises.
731 4341 801 4396 This
815 4341 960 4413 operation
973 4341 997 4396 is
1009 4343 1152 4412 generally
1163 4341 1291 4396 followed
1304 4342 1342 4410 by
1353 4339 1468 4409 making

321 4423 454 4479 incisione
468 4441 505 4478 on
520 4426 567 4479 the
581 4424 673 4480 raised
686 4425 803 4493 surlace‚
815 4427 853 4495 by
865 4442 964 4480 means
976 4427 1008 4480 of
1016 4444 1033 4480 a
1047 4425 1225 4491 scarificat0r‚
1235 4425 1306 4478 alter
1318 4423 1409 4479 which
1421 4425 1468 4478 the

320 4523 375 4576 cup
389 4506 411 4562 is
423 4507 507 4577 again
521 4507 643 4578 applied,
656 4509 699 4564 sor
711 4508 760 4565 the
772 4526 893 4580 purpose
905 4510 936 4565 os
946 4509 1071 4579 drawing
1084 4519 1133 4566 out
1146 4511 1194 4566 the
1207 4507 1300 4564 blood.
