3292 5138
333 371 397 454 568
714 375 870 432 novum
890 376 1106 432 uncinum

335 545 398 608 ista
424 562 586 626 apparens
615 551 768 605 causatur
791 526 850 604 dut
876 560 934 623 per
959 535 1197 622 aequilibrium,
1220 549 1278 605 aut
1303 561 1361 624 per
1386 541 1488 604 abso-

333 645 438 710 lutam
461 643 785 727 praedominantiam
815 652 976 707 motuum.
1031 643 1093 706 Per
1120 643 1360 724 aequilibrium,
1388 653 1424 706 ut
1452 643 1488 705 in

335 756 526 830 bilancibus‚
554 776 640 838 quae
669 765 759 819 stant
786 755 813 818 si
843 776 949 837 aequa
975 755 1040 818 sint
1066 756 1223 838 pondera.
1269 756 1331 818 Per
1351 755 1488 836 praedo-

335 861 541 939 minantiam,
571 869 607 923 ut
639 860 670 922 in
704 860 832 941 hydriis
865 857 1049 943 perforatis,
1080 859 1135 921 ubi
1166 858 1305 941 quiescit
1334 879 1419 941 aqua
1453 867 1488 921 et

335 965 501 1028 detinetur
533 985 553 1027 a
587 965 708 1027 decasu
717 961 752 1040 ⁷⁸,
784 983 843 1046 per
872 961 1193 1045 praedominantiam
1232 973 1342 1026 motus
1377 982 1488 1026 nemis.

336 1068 533 1132 Notandum
556 1079 668 1130 tamen
692 1076 743 1130 est
766 1062 816 1150 (ut
839 1064 999 1151 diximus)
1021 1075 1184 1148 quatenus
1206 1065 1352 1130 nitantur
1375 1075 1489 1128 motus

337 1172 383 1235 illi
417 1171 679 1236 succumbentes.
734 1171 867 1234 Etenim
898 1171 923 1232 si
954 1170 1027 1251 quis
1058 1189 1118 1253 per
1148 1170 1270 1234 luctam
1301 1170 1490 1233 detineatur

337 1285 493 1339 extensus
512 1276 544 1338 in
559 1286 655 1352 terra,
670 1273 813 1338 brachiis
834 1285 867 1338 et
889 1274 976 1337 tibiis
991 1274 1118 1348 vinctis,
1134 1285 1192 1336 aut
1210 1274 1305 1338 aliter
1323 1274 1488 1348 detentis;

337 1390 438 1461 atque
468 1379 522 1443 ille
553 1391 664 1442 tamen
694 1378 776 1443 totis
805 1379 928 1442 viribus
958 1398 1126 1460 resurgere
1160 1379 1303 1454 nitatur3
1341 1398 1407 1440 non
1437 1387 1488 1440 est

338 1485 445 1546 minor
465 1484 571 1559 nixus,
588 1483 664 1547 licet
686 1503 751 1546 non
774 1481 925 1565 proficiat
935 1479 970 1542 ⁷⁹.
1019 1481 1129 1564 Hujus
1151 1493 1261 1546 autem
1278 1483 1322 1544 rei
1341 1480 1490 1546 conditio

338 1585 473 1671 (scilicet
490 1599 601 1652 utrum
620 1607 679 1670 per
691 1585 1014 1668 praedominantiam
1035 1595 1145 1649 motus
1165 1587 1379 1650 succumbens
1394 1583 1490 1667 quasi

339 1689 549 1768 annihiletur,
558 1710 600 1754 an
617 1691 728 1774 potius
738 1691 945 1755 continuetur
959 1690 1068 1768 nixus,
1080 1689 1157 1755 licet
1172 1710 1238 1753 non
1250 1689 1491 1772 conspiciatur),

339 1815 424 1877 quae
446 1793 527 1858 latet
552 1795 583 1856 in
606 1792 819 1866 conflictibus,
839 1794 1013 1876 apparebit
1035 1793 1173 1858 fortasse
1195 1794 1226 1856 in
1248 1794 1490 1857 concurrentiis.

341 1896 501 1980 Exempli
522 1898 647 1980 gratia3
671 1895 729 1960 frat
752 1898 1017 1980 experimentum
1042 1899 1074 1960 in
1098 1897 1261 1980 sclopetis‚
1277 1908 1386 1961 utrum
1406 1898 1491 1962 sclo-

341 2011 447 2086 petus,
469 2021 531 2083 pro
554 2010 649 2064 tanto
674 2001 784 2084 spatio
808 2021 876 2082 quo
902 2003 1035 2066 emittat
1058 2003 1160 2085 pilam
1189 2003 1222 2064 in
1248 2001 1342 2066 linea·
1357 2002 1491 2077 directa,

340 2106 409 2169 sive
432 2101 483 2189 (ut
505 2105 606 2187 vulgo
631 2102 826 2190 loquuntur)
848 2105 881 2168 in
903 2117 1026 2188 puncto
1048 2106 1177 2184 blanco,
1198 2106 1388 2170 debiliorem
1413 2107 1491 2170 edat

342 2210 586 2293 percussionem
624 2208 819 2289 ejaculando
857 2209 889 2271 in
926 2230 1036 2291 supra,
1069 2209 1125 2274 ubi
1164 2211 1277 2274 Motus
1313 2210 1403 2273 Ictus
1441 2219 1491 2270 est

341 2311 494 2395 simplex,
516 2331 617 2393 quam
641 2314 789 2394 desuper,
810 2312 865 2375 ubi
890 2313 1005 2378 Motus
1029 2313 1209 2379 Gravitatis
1231 2314 1393 2378 concurrit
1415 2332 1491 2377 curn

343 2417 416 2479 Ictu
426 2413 463 2478 ⁸⁰.

344 2658 392 2711 the
403 2655 545 2724 following
557 2672 676 2725 passage
689 2675 694 2710 :
715 2658 769 2710 ‘Et
784 2657 857 2712 hanc
870 2657 972 2726 agendi
985 2656 1116 2712 virtutem
1128 2659 1204 2713 omni
1219 2659 1390 2714 substantiae
1400 2659 1493 2713 inesse

345 2745 398 2810 aio,
411 2761 576 2814 semperque
592 2745 714 2815 aliquam
727 2761 761 2798 ex
777 2745 965 2801 coactionem
983 2746 1079 2814 nasci3
1107 2747 1234 2817 adeoque
1251 2765 1304 2801 nec
1318 2748 1409 2817 ipsam
1426 2749 1493 2802 sub·

345 2827 478 2882 stantiam
499 2844 662 2897 corpoream
684 2828 751 2896 (non
773 2828 863 2897 magis
885 2843 969 2900 quarn
990 2830 1172 2900 spiritualem)
1194 2832 1231 2884 ab
1253 2831 1363 2900 agendo
1383 2848 1493 2885 cessare

343 2926 485 2980 unquam;
503 2911 578 2981 quod
591 2910 629 2964 illi
643 2929 698 2964 non
711 2912 779 2966 satis
792 2913 951 2983 percepisse
963 2913 1099 2980 videntur,
1109 2913 1156 2985 qui
1166 2913 1316 2969 essentiam
1327 2913 1386 2984 ejus
1396 2915 1424 2968 in
1435 2916 1494 2968 sola

343 2992 512 3062 extensione,
525 2994 569 3048 vel
582 2994 665 3048 etiam
679 2994 938 3064 impenetrabilitate
951 2998 1162 3065 collocaverunt,
1176 3008 1203 3052 et
1216 3015 1317 3067 corpus
1333 2998 1493 3052 omnimode

345 3076 491 3145 quiescens
502 3077 645 3146 concipere
655 3077 708 3132 sibi
718 3089 781 3133 sunt
792 3078 862 3134 visi!
894 3083 939 3135 De
951 3079 1060 3136 Primae
1072 3080 1269 3151 Philosophiae
1278 3081 1493 3147 Emendatione,

345 3161 418 3212 Acta
432 3159 622 3226 Eruditorum,
639 3162 714 3227 1694.
751 3163 804 3216 Ed.
820 3163 975 3231 Erdmann,
988 3181 1015 3234 p.
1031 3178 1089 3218 122.

380 3244 403 3275 ⁷³
425 3246 456 3299 ln
468 3244 475 3273 ‘
485 3249 581 3300 Motus
595 3248 756 3315 Secundus,’
765 3250 800 3304 he
812 3251 884 3305 adds
893 3252 941 3305 the
951 3251 1102 3322 important
1111 3253 1200 3307 words
1211 3251 1280 3305 ‘nisi
1291 3269 1323 3306 os
1333 3251 1448 3320 hydriae
1458 3253 1493 3306 ad

346 3335 554 3389 immittendum
566 3353 660 3389 aerem
673 3336 828 3406 aperiatur!
864 3341 959 3394 These
972 3341 1155 3409 phenomena,
1169 3341 1248 3394 when
1262 3357 1332 3394 once
1350 3340 1492 3408 observed,

346 3418 433 3484 ought
447 3427 477 3471 to
489 3417 560 3471 have
573 3417 618 3471 led
631 3427 661 3472 to
673 3420 721 3473 the
734 3419 879 3490 discovery
892 3423 923 3476 oi
932 3424 979 3477 the
992 3441 1119 3493 pressure
1131 3424 1164 3478 os
1172 3425 1220 3478 the
1232 3424 1418 3492 atmosphere.

381 3496 404 3528 ⁷⁹
422 3500 492 3553 This
506 3511 655 3554 statement
668 3500 700 3568 is,
714 3503 743 3556 oi
759 3521 865 3572 cpurse,
878 3514 948 3561 true.
995 3509 1021 3560 A
1035 3523 1118 3561 cause
1135 3509 1238 3576 always
1255 3517 1384 3577 operares
1400 3517 1430 3560 to
1448 3507 1494 3561 the

345 3581 395 3636 full
407 3593 502 3636 extent
515 3583 546 3636 oi
560 3583 594 3637 its
608 3584 759 3654 efficiency,
774 3589 880 3657 though
894 3590 929 3643 its
942 3589 1037 3644 effects
1054 3607 1118 3660 may
1130 3600 1178 3644 not
1195 3590 1231 3644 be
1248 3601 1394 3660 apparent,
1406 3590 1494 3659 owing

347 3676 375 3719 to
384 3665 431 3718 the
439 3665 530 3720 action
542 3667 573 3719 oi
579 3668 660 3721 other
669 3686 775 3736 causes,
785 3673 1119 3742 whetherconcurriugor
1127 3673 1345 3742 counteracting.
1376 3674 1494 3742 Though

347 3766 363 3802 a
376 3748 482 3814 truism,
496 3749 576 3803 when
589 3767 659 3805 once
673 3754 772 3819 stated,
786 3754 841 3808 this
853 3755 1058 3810 consideration
1071 3755 1095 3809 is
1108 3756 1182 3811 often
1195 3758 1249 3810 lost
1263 3757 1335 3826 sight
1349 3756 1383 3812 oi.

382 3830 404 3860 ⁸⁰
422 3831 492 3886 This
505 3849 625 3903 passage
638 3833 660 3888 is
671 3853 737 3904 very
746 3837 865 3903 curious,
875 3856 907 3892 as
920 3839 1046 3907 showing
1058 3840 1119 3894 that
1132 3841 1227 3894 Bacon
1241 3840 1296 3894 had
1309 3857 1347 3895 no
1357 3839 1494 3910 suspicion

347 3914 416 3981 that,
431 3913 458 3968 in
473 3916 542 3969 both
555 3934 635 3971 cases
647 3917 729 3986 alike,
743 3921 792 3974 the
804 3921 879 3975 force
892 3922 924 3976 oi
932 3921 1041 3991 gravity
1053 3923 1077 3977 is
1089 3923 1185 3991 acting
1196 3933 1224 3976 at
1237 3941 1321 3992 every
1333 3933 1457 3978 moment
1469 3924 1498 3978 oi

348 3999 395 4051 the
412 3997 576 4068 projectile's
593 4001 679 4068 path;
706 4020 757 4058 nor
773 4020 829 4057 was
847 4005 883 4058 he
901 4023 999 4071 avare,
1013 4006 1044 4059 oi
1058 4022 1165 4072 course,
1178 4007 1239 4060 that
1254 4006 1302 4060 the
1318 4007 1386 4077 path
1403 4007 1436 4061 of
1448 4007 1493 4060 the

348 4080 499 4149 projectile,
514 4082 537 4136 ii
550 4100 590 4137 we
603 4084 681 4139 leave
694 4096 741 4140 out
755 4088 786 4140 oi
799 4099 917 4142 account
930 4089 978 4143 the
996 4087 1148 4144 resistance
1165 4090 1197 4143 oi
1210 4091 1258 4144 the
1274 4091 1459 4160 atmosphere,
1473 4089 1494 4144 is

348 4163 376 4216 in
390 4163 426 4216 all
439 4180 518 4219 cases
531 4183 548 4218 a
561 4169 701 4235 parabola
738 4171 799 4224 The
811 4171 984 4238 experiment
997 4173 1135 4240 proposed
1149 4171 1172 4225 is
1186 4181 1216 4226 to
1228 4173 1365 4227 ascertain
1383 4173 1445 4227 how
1455 4173 1495 4227 iar

348 4263 365 4298 a
378 4263 434 4314 gun
448 4248 501 4300 will
514 4265 594 4317 carry
606 4251 792 4319 point-blank,
806 4255 863 4308 and
876 4254 951 4321 then,
965 4255 1048 4323 firing
1060 4255 1121 4308 that
1135 4254 1272 4322 distance,
1286 4255 1345 4309 first
1359 4257 1493 4326 upwards,

349 4329 417 4382 then
433 4330 615 4398 downwards‚
629 4343 659 4387 to
671 4351 803 4404 compare
816 4337 863 4392 the
875 4338 950 4392 force
963 4339 994 4391 os
1005 4339 1052 4392 the
1064 4347 1119 4392 two
1132 4339 1219 4392 shuts.
1267 4339 1308 4392 As
1322 4339 1369 4393 the
1381 4338 1494 4408 velocity

349 4420 378 4464 at
397 4429 454 4480 any
470 4414 548 4482 point
567 4415 598 4468 os
613 4416 661 4470 the
679 4419 812 4486 parabola
830 4419 853 4473 is
866 4420 927 4474 that
944 4420 1034 4473 which
1050 4421 1141 4474 would
1159 4423 1194 4476 be
1212 4421 1343 4490 acquired
1361 4421 1389 4474 in
1403 4421 1494 4490 falling

348 4491 418 4547 from
432 4495 479 4550 the
492 4497 628 4566 directrix,
641 4500 718 4554 there
735 4517 787 4556 can
804 4503 838 4557 be
854 4520 891 4557 no
907 4502 993 4558 doubt
1010 4505 1070 4559 that
1087 4505 1134 4560 the
1151 4504 1312 4559 downward
1329 4505 1393 4560 shut
1407 4505 1494 4559 would
