3280 5238
235 429 299 492 492
616 425 773 482 NOVUM
792 423 1007 482 ORGANUM.

237 598 360 653 rectam
385 590 512 655 calamo
535 593 586 656 vel
613 593 772 676 penecillo
794 591 1002 672 descriptam,
1025 609 1085 674 per
1106 587 1293 671 hujusmodi
1313 607 1385 670 per-

237 693 364 776 spicilla
388 695 593 778 inaequalem
618 697 798 761 admodum
822 703 856 760 et
878 703 1061 759 tortuosam
1085 694 1192 759 cerni:
1222 694 1301 776 quia
1323 691 1386 755 sci-

238 797 313 860 licet
340 819 402 864 nec
424 811 535 864 motus
562 820 687 878 manus,
714 801 791 865 licet
818 819 876 883 per
903 797 1049 883 regulam
1076 797 1217 880 adjutae,
1242 816 1301 862 nec
1325 798 1386 860 im-

239 902 361 984 pressio
384 905 557 968 atramenti
580 915 638 968 aut
661 904 779 969 coloris
802 923 914 968 revera
936 900 1088 986 aequalia
1111 902 1277 980 existant;
1309 900 1386 964 licet

238 1003 314 1069 illae
330 1006 582 1090 inaequalitates
596 1019 664 1072 tam
681 1008 827 1072 minutae
846 1009 911 1070 sint
927 1015 964 1071 ut
979 1007 1050 1070 siue
1065 1005 1256 1087 adjumento
1272 1003 1385 1086 hujus·

240 1111 328 1174 modi
344 1112 603 1194 perspicillorum
619 1111 763 1196 conspici
773 1121 951 1194 nequeant.
997 1111 1109 1174 Etiam
1125 1109 1385 1194 superstitiosam

238 1215 406 1296 quandam
429 1215 690 1280 observationem
713 1216 745 1280 in
768 1217 831 1282 hac
854 1235 888 1278 re
910 1211 960 1300 (ut
983 1213 1020 1279 tit
1047 1213 1081 1278 in
1107 1214 1205 1278 rebus
1235 1213 1326 1276 novis
1351 1221 1385 1274 et

239 1314 342 1404 miris)
370 1318 567 1383 addiderunt
597 1320 761 1384 homines:
793 1320 845 1384 viz
872 1321 961 1401 quod
988 1319 1176 1401 hujusmodi
1201 1315 1385 1400 perspicilla

239 1442 339 1505 opera
367 1430 500 1486 naturae
527 1423 698 1498 illustrent,
721 1423 800 1488 artis
821 1422 1049 1489 dehonestent.
1097 1421 1182 1486 Illud
1204 1441 1281 1485 vero
1303 1419 1385 1484 nihil

238 1527 328 1590 aliud
343 1536 393 1589 est
408 1546 509 1608 quam
530 1529 620 1610 quod
639 1538 793 1592 texturae
811 1527 975 1593 naturales
993 1527 1098 1591 multo
1118 1525 1304 1592 subtiliores
1321 1524 1386 1588 sint

239 1649 339 1711 quam
355 1629 560 1694 artificiosae.
605 1631 829 1714 Perspicillum
846 1633 933 1696 enim
951 1630 1030 1695 illud
1049 1632 1091 1695 ad
1111 1631 1236 1694 minuta
1255 1639 1385 1692 tantum

239 1731 343 1796 valet:
381 1734 479 1816 quale
505 1735 728 1818 perspicillum
758 1737 784 1800 si
813 1737 946 1800 vidisset
975 1735 1192 1812 Democritus,
1218 1732 1386 1798 exiluisset

239 1837 333 1911 sorte,
359 1845 392 1900 et
423 1839 560 1902 modum
586 1839 720 1905 videndi
746 1850 897 1905 atomum
927 1837 1040 1925 (quem
1071 1838 1126 1902 ille
1155 1838 1351 1903 invisibilem
1361 1835 1386 1875 ³⁹

239 1941 375 2004 omnino
393 1939 582 2028 affirmavit)
604 1943 773 2008 inventum
797 1945 894 2007 luisse
916 1953 1074 2026 putasset.
1118 1942 1243 2006 Verum
1265 1943 1387 2006 incom-

241 2044 385 2128 petentia
408 2045 598 2128 hujusmodi
622 2047 892 2132 perspicillorum‚
912 2055 1143 2131 praeterquam
1166 2046 1209 2109 ad
1233 2045 1387 2108 minutias

239 2158 368 2211 tantum
383 2146 505 2234 (neque
520 2151 563 2214 ad
587 2151 676 2234 ipsas
697 2171 842 2233 quoque,
865 2151 892 2213 si
913 2150 1032 2214 suerInt
1053 2149 1086 2212 in
1108 2169 1246 2233 corpore
1268 2148 1386 2230 majus-

240 2248 337 2338 culo),
363 2273 458 2316 usum
482 2255 527 2319 rei
555 2255 702 2320 destruit.
748 2253 784 2318 Si
810 2255 897 2318 enim
926 2253 1094 2318 inventum
1120 2253 1254 2317 extendi
1278 2265 1387 2335 posset

239 2356 283 2419 ad
304 2375 440 2440 corpora
463 2356 632 2439 majora⁴⁰,
656 2368 713 2423 aut
736 2377 908 2441 corporum
932 2355 1093 2440 majorum
1117 2357 1280 2429 minutias,
1302 2358 1388 2421 adeo

240 2468 277 2522 ut
300 2468 434 2525 textura
459 2464 558 2545 panni
583 2461 674 2526 lintei
705 2462 849 2546 conspici
873 2471 983 2544 posset
1006 2471 1163 2543 tanquam
1187 2469 1265 2534 rete,
1288 2471 1389 2544 atque

240 2562 304 2628 hoc
338 2567 438 2629 modo
471 2567 629 2630 minutiae
659 2566 800 2630 latentes
830 2575 863 2630 et
894 2564 1144 2648 inaequalitates
1172 2584 1389 2648 gemmarum,

241 2667 414 2751 liquorum,
431 2670 608 2746 urinarum,
624 2670 800 2752 sanguinis,
814 2667 994 2746 vulnerum,
1010 2679 1043 2732 et
1059 2669 1236 2732 multarum
1252 2669 1387 2733 aliarum

242 2792 358 2848 rerum,
385 2774 472 2836 cerni
500 2772 680 2858 possent⁴¹,
707 2795 847 2858 magnae
873 2773 1089 2858 proculdubio
1119 2794 1163 2837 ex
1190 2794 1230 2836 eo
1257 2773 1389 2837 invento

242 2878 496 2942 commoditates
518 2879 591 2962 capi
614 2889 760 2962 possent.

286 2979 428 3045 Secundi
452 2984 581 3065 generis
607 2992 683 3046 sunt
710 2981 765 3045 illa
787 2981 891 3046 altera
914 2977 1134 3066 perspicilla⁴²
1155 3001 1242 3064 quae
1265 3001 1388 3046 memo-

242 3085 334 3148 rabili
356 3097 476 3150 conatu
497 3087 665 3151 adinvenit
688 3085 872 3162 Galilaeus3
896 3106 1036 3168 quorum
1058 3106 1130 3168 ope,
1149 3095 1309 3168 tanquam
1332 3107 1391 3170 per

278 3253 299 3286 ³⁹
317 3257 452 3312 Aristotle
463 3257 519 3326 (De
531 3258 719 3313 Generatione
728 3269 755 3313 et
764 3257 954 3329 Corruptione,
966 3257 983 3312 i.
994 3259 1031 3326 8),
1042 3256 1178 3328 speaking
1185 3259 1216 3312 01
1224 3258 1390 3328 Leucippus,

243 3357 326 3410 says:
355 3337 415 3395 ἀλλ’
431 3335 494 3395 εἶναι
514 3343 544 3395 τὸ
564 3345 681 3396 τοιοῦτον
705 3343 755 3413 οὐχ
772 3342 807 3409 ἕν,
824 3340 883 3395 ἀλλ’
900 3342 993 3410 ἄπειρα
1009 3344 1040 3396 τὸ
1054 3341 1154 3410 πλῆθος
1173 3343 1214 3395 καὶ
1233 3341 1330 3412 ἀόρατα
1348 3342 1390 3395 dui

243 3425 402 3494 σμικρότητα
419 3429 470 3478 τῶν
488 3423 577 3496 ὄγκων.

279 3505 302 3536 ⁴⁰
320 3507 390 3562 This
402 3507 494 3577 object
507 3509 530 3564 is
543 3509 661 3564 effected
674 3510 711 3578 by
723 3525 821 3564 means
834 3509 867 3563 ol
875 3510 923 3564 the
937 3509 1011 3564 solar
1023 3507 1203 3580 microscope.

279 3587 300 3620 ⁴¹
321 3593 370 3661 Cp
384 3593 455 3646 New
468 3591 590 3646 Atlantis
604 3592 650 3660 (Ε.
662 3594 719 3647 and
740 3593 778 3660 S.,
791 3594 845 3648 vol.
859 3593 896 3647 iii.
909 3610 936 3662 p.
953 3591 1023 3660 162).
1061 3594 1085 3647 lt
1104 3591 1128 3647 is
1146 3593 1276 3648 needless
1294 3601 1323 3648 to
1342 3609 1392 3662 say

244 3675 315 3742 that,
334 3674 399 3729 with
418 3675 533 3730 modern
553 3675 739 3747 microscopes
764 3677 796 3731 01
816 3677 884 3746 high
906 3676 1080 3746 magnisying
1100 3693 1201 3746 power,
1221 3677 1278 3732 this
1300 3677 1323 3732 is
1344 3678 1393 3732 the

242 3775 316 3812 case.

280 3841 302 3871 ⁴²
319 3843 493 3914 Telescopes.
531 3844 593 3899 The
612 3843 692 3900 merit
712 3843 743 3898 oi
762 3844 810 3900 the
829 3842 972 3900 invention
994 3844 1025 3898 01
1041 3845 1121 3900 these
1142 3843 1323 3900 instruments
1342 3845 1393 3900 has

244 3925 317 3980 been
329 3943 406 3982 more
419 3928 496 3997 hotly
506 3927 636 3998 disputed
649 3928 718 3982 than
730 3945 801 3982 even
815 3929 875 3983 that
888 3927 919 3982 01
928 3927 1016 3997 single
1029 3929 1121 3982 lenses
1130 3929 1187 3982 and
1197 3929 1393 3999 microscopes.

244 4012 271 4064 A
283 4011 349 4079 'very
362 4009 525 4080 interesting
538 4013 655 4081 popular
666 4021 784 4066 account
797 4012 829 4065 01
837 4012 885 4066 the
898 4021 1078 4080 controversy
1091 4011 1114 4066 is
1126 4011 1210 4080 given
1227 4013 1256 4067 in
1273 4012 1320 4066 the
1335 4011 1394 4066 Life

244 4093 277 4147 01
287 4093 395 4148 Galileo
408 4096 496 4149 above
510 4095 629 4151 referred
642 4105 680 4162 to,
692 4095 750 4149 and
763 4095 810 4148 the
827 4095 940 4149 student
954 4111 1021 4163 may
1031 4095 1092 4150 also
1111 4096 1220 4150 consult
1241 4095 1394 4162 Montucla

247 4176 371 4238 Histoire
379 4176 430 4231 des
439 4177 684 4248 Mathematiques,
694 4180 736 4232 Pt.
745 4178 780 4232 iv.
790 4179 834 4232 liv.
842 4177 878 4231 iv.
910 4178 1061 4233 Delambre
1069 4178 1198 4248 disposes
1206 4179 1236 4232 01
1242 4178 1394 4233 theclaims

246 4259 277 4314 01
284 4261 307 4312 F
308 4260 482 4329 racastorius,
492 4261 671 4315 Astronomie
681 4262 718 4315 du
731 4263 835 4329 Moyen
845 4263 914 4330 Age,
923 4272 998 4317 tome
1010 4262 1026 4316 i.
1036 4279 1082 4332 pp.
1093 4263 1189 4331 388-9.
1219 4264 1266 4317 An
1276 4261 1394 4316 exhaus-

245 4343 302 4397 tive
314 4354 433 4398 account
445 4344 477 4398 01
490 4345 538 4399 the
551 4344 748 4410 construction,
761 4345 817 4398 and
830 4363 847 4398 a
860 4362 927 4414 very
938 4346 987 4399 full
1001 4355 1120 4400 account
1132 4346 1164 4400 01
1179 4345 1226 4402 the
1239 4345 1352 4414 history,
1366 4344 1399 4399 01

246 4427 293 4481 the
307 4428 469 4497 Telescope,
484 4427 507 4482 is
521 4435 550 4481 to
563 4427 598 4481 be
612 4427 698 4482 iound
716 4427 744 4480 in
764 4427 812 4481 the
830 4417 926 4482 article
945 4445 981 4482 on
994 4430 1002 4456 ‘
1010 4430 1165 4498 Telescope
1175 4429 1182 4452 '
1194 4429 1317 4496 recently
1329 4444 1396 4482 con-

246 4510 368 4564 tributed
385 4521 414 4566 to
433 4512 481 4567 the
500 4509 727 4581 Encyclopaedia
747 4511 908 4566 Britannica
929 4510 988 4579 (9th
1008 4512 1084 4582 Ed),
1098 4513 1188 4568 where
1207 4512 1254 4566 the
1272 4513 1348 4582 palm
1367 4511 1399 4570 01

1613 328 1621 585 1
