3342 5152
280 372 343 456 398
659 377 816 434 NOVUM
837 376 1053 434 onoaaulv.

279 549 470 604 naturarum
495 538 691 622 simplicium
716 538 869 622 conjugia
895 559 939 604 ex
966 559 1060 604 cursu
1089 537 1255 602 communi
1284 533 1431 613 universi,

280 654 317 708 ut
339 643 450 722 leonis,
470 643 608 725 aquilae,
630 663 731 714 rosae,
752 645 831 720 auri,
849 654 882 708 et
903 642 1102 725 hujusmodi,
1124 643 1429 726 impraesentiarum

280 767 345 810 non
376 746 550 830 loquimur.
604 748 752 830 Tempus
783 749 871 812 enim
905 749 967 812 erit
1000 749 1043 811 de
1077 747 1116 810 iis
1148 748 1322 822 tractandi,
1356 766 1429 811 cum

278 861 414 916 ventum
437 837 535 916 fuerit
557 853 600 917 ad
622 853 757 916 latentes
774 863 951 934 processus,
971 860 1004 916 et
1026 851 1161 915 latentes
1185 850 1431 926 schematismos,

280 976 458 1038 eorumque
481 957 713 1030 inventionem,
732 968 830 1039 prout
852 957 1056 1041 reperiuntur
1076 955 1109 1018 in
1129 956 1321 1019 substantiis
1335 953 1431 1041 (quas

280 1057 415 1145 vocant)
430 1081 487 1124 seu
504 1062 629 1124 naturis
644 1062 805 1126 concretis
814 1059 850 1122 ⁸².

324 1163 451 1227 Rursus
481 1185 570 1242 vero,
598 1183 663 1230 uon
696 1165 923 1247 intelligantur
954 1185 993 1228 ea
1024 1184 1110 1247 quae
1144 1163 1283 1226 dicimus
1317 1159 1430 1247 (etiam

279 1280 443 1351 quatenus
458 1269 501 1332 ad
517 1279 652 1333 naturas
668 1265 847 1353 simplices)
862 1268 1032 1334 deformis
1052 1278 1086 1332 et
1110 1268 1192 1332 ideis
1212 1267 1386 1332 abstractis
1395 1264 1431 1343 ⁸³,

280 1382 338 1438 aut
366 1373 398 1435 in
429 1375 565 1436 materia
595 1393 661 1436 non
691 1373 918 1438 determinatis
928 1371 966 1451 ⁸⁴,
992 1383 1049 1437 aut
1079 1371 1166 1436 male
1195 1371 1430 1436 determinatis.

280 1475 354 1540 Nos
380 1476 478 1552 enim,
500 1496 602 1558 quum
630 1477 672 1539 de
699 1476 812 1539 formis
840 1476 1014 1558 loquimur,
1036 1474 1082 1538 nil
1105 1475 1194 1538 aliud
1218 1473 1432 1557 intelligimus

280 1599 379 1661 quam
395 1580 488 1663 leges
504 1578 577 1642 illas
597 1591 632 1644 et
651 1579 941 1644 determinationes
962 1588 1054 1643 actus
1075 1578 1158 1661 puri,
1173 1599 1259 1661 quae
1279 1589 1431 1642 naturam

279 1684 426 1765 aliquam
445 1683 628 1767 simplicem
644 1685 796 1748 ordinant
812 1693 846 1747 et
861 1683 1075 1756 constituunt,
1092 1693 1128 1746 ut
1143 1682 1295 1755 calorem,
1311 1681 1432 1758 lumen,

281 1790 421 1871 pondus,
438 1787 469 1851 in
485 1787 678 1851 omnimoda
695 1789 833 1852 materia
847 1798 881 1851 et
896 1787 1046 1869 subjecto
1061 1787 1270 1870 susceptibili.
1316 1785 1432 1867 ltaque

282 1892 398 1956 eadem
423 1911 474 1954 res
499 1901 548 1954 est
572 1889 678 1955 forma
700 1891 798 1957 calidi
821 1901 879 1955 aut
900 1891 1007 1956 forma
1033 1890 1173 1966 luminis,
1195 1900 1229 1954 et
1251 1890 1308 1954 lex
1334 1889 1432 1953 calidi

281 1996 350 2059 sive
369 1995 424 2058 lex
443 1993 594 2072 luminis3
619 2015 725 2078 neque
743 2016 821 2060 vero
841 2016 861 2059 a
879 1996 976 2058 rebus
997 1995 1075 2077 ipsis
1095 2005 1129 2058 et
1149 2004 1244 2077 parte
1265 1995 1434 2077 operativa

281 2119 427 2181 unquam
446 2119 506 2163 nos
524 2099 745 2163 abstrahimus
763 2110 821 2163 aut
837 2099 1028 2164 recedimus.
1074 2097 1186 2181 Quare
1203 2118 1278 2163 cum
1295 2098 1433 2162 dicimus

281 2199 444 2286 (exempli
466 2199 588 2288 gratia)
612 2203 645 2266 in
669 2203 880 2286 inquisitione
903 2204 1029 2268 formae
1053 2201 1179 2278 caloris,
1198 2201 1309 2284 Rajica
1330 2202 1433 2265 tenui-

282 2315 391 2382 tatem,
412 2316 471 2370 aut
498 2306 529 2370 T
525 2309 655 2372 enuitas
681 2329 744 2371 aaa
770 2318 820 2372 est
843 2329 885 2371 ax
904 2307 1024 2388 farma
1046 2304 1186 2377 caloris‚·
1212 2306 1300 2369 idem
1323 2316 1373 2370 est
1395 2326 1433 2370 ac

280 2411 309 2474 si
343 2411 502 2486 dicamus,
531 2411 646 2476 Potest
677 2409 770 2476 homo
805 2411 1049 2494 amerinducere
1084 2409 1223 2473 calorem
1255 2411 1291 2474 in
1322 2420 1435 2492 carpus

279 2513 422 2586 densum,
446 2523 503 2578 aut
526 2525 650 2594 contra,
672 2515 787 2580 Potest
808 2515 901 2580 hama
927 2517 1061 2598 auferre
1084 2523 1144 2578 aut
1164 2534 1275 2578 arcere
1296 2513 1433 2578 calorem

281 2639 302 2683 a
320 2627 449 2700 corpora
468 2619 564 2684 tenui.

325 2721 426 2805 Quod
449 2724 477 2786 si
500 2725 653 2806 cuiquam
676 2725 849 2789 videantur
874 2725 975 2788 etiam
1002 2723 1127 2786 formae
1154 2731 1287 2786 nostrae
1310 2721 1434 2786 habere

281 2826 429 2890 nonnihil
452 2829 619 2902 abstracti,
642 2830 732 2911 quod
757 2830 914 2893 misceant
937 2838 971 2892 et
991 2826 1192 2910 conjungant
1212 2826 1432 2908 heterogenea

280 2925 445 3013 (videntur
471 2932 558 2995 enim
585 2933 681 2996 valde
707 2953 778 2997 esse
808 2932 1027 3014 heterogenea
1056 2931 1146 2996 calor
1174 2929 1376 3007 coelestium,
1400 2942 1433 2994 et

281 3143 394 3188 natures
407 3133 437 3188 oi
446 3134 537 3188 which
550 3135 617 3205 they
629 3153 676 3190 are
689 3135 849 3206 composed.
887 3138 941 3192 See
952 3136 1026 3206 Aph.
1038 3149 1051 3205 5
1066 3135 1104 3191 ad
1117 3135 1176 3190 init.
1189 3146 1218 3191 to
1231 3135 1322 3190 which
1336 3137 1432 3190 Bacon

281 3216 348 3270 here
361 3216 455 3271 refers.

317 3297 339 3330 ⁸²
359 3302 454 3354 Bacon
473 3299 530 3354 had
550 3299 682 3356 intended
700 3311 730 3356 to
748 3303 868 3372 proceed
887 3314 916 3358 to
935 3303 1015 3357 these
1031 3301 1170 3373 enquiries
1188 3303 1216 3356 in
1234 3320 1252 3356 a
1264 3303 1434 3372 subsequent

281 3392 342 3453 part
360 3383 392 3438 oi
406 3383 454 3438 the
468 3385 582 3438 Novum
596 3386 749 3454 Organum.
787 3389 841 3443 See
860 3388 934 3456 Aph.
948 3401 979 3440 21
997 3388 1016 3452 t‘
1027 3386 1063 3440 de
1076 3386 1230 3441 variatione
1248 3383 1435 3456 inquisitionis

281 3483 332 3536 pro
345 3475 445 3520 natura
457 3467 572 3536 subjecti
582 3466 600 3535 ')
615 3469 671 3522 and
685 3470 732 3524 the
744 3470 798 3524 last
812 3470 967 3540 paragraph
981 3469 1012 3523 oi
1021 3469 1095 3539 Aph.
1110 3482 1151 3539 52.

316 3546 339 3578 ⁸³
357 3548 504 3620 Referring
525 3560 555 3605 to
575 3553 623 3606 the
645 3551 709 3605 ἰδέαι
728 3553 761 3607 ol
780 3554 860 3609 Plato
881 3553 938 3608 and
959 3553 1007 3606 the
1026 3554 1127 3608 Forms
1145 3552 1176 3607 oi
1192 3553 1240 3606 the
1259 3551 1434 3608 Schoolmen.

281 3631 353 3686 This
366 3634 524 3702 paragraph
539 3651 631 3689 seems
644 3645 673 3690 to
685 3635 720 3690 be
734 3636 852 3707 nothing
866 3653 943 3690 more
956 3638 1024 3690 than
1037 3653 1073 3690 an
1087 3636 1239 3706 expansion
1252 3637 1284 3690 oi
1293 3637 1342 3691 the
1354 3637 1437 3691 latter

282 3726 344 3786 part
357 3715 389 3770 of
398 3715 415 3770 i.
432 3729 472 3784 51,
486 3734 522 3770 on
537 3718 627 3772 which
641 3736 688 3774 see
701 3720 748 3774 the
761 3730 849 3775 notes.

317 3797 387 3853 This
407 3798 430 3852 is
447 3817 501 3854 one
513 3801 545 3855 of
559 3803 607 3856 the
625 3818 759 3872 passages
778 3802 805 3858 in
819 3801 909 3857 which
922 3802 1041 3856 ‘Fortu’
1055 3819 1174 3872 appears
1194 3813 1223 3858 to
1240 3803 1276 3858 be
1292 3815 1366 3858 most
1384 3819 1436 3857 un-

282 3882 457 3954 equivocally
469 3885 539 3938 used
552 3884 579 3939 in
592 3885 640 3939 the
653 3903 734 3940 sense
747 3887 777 3940 oi
788 3885 884 3940 ‘Law’
898 3903 930 3940 or
942 3885 949 3913 ‘
959 3885 1068 3942 Causa!

316 3964 338 3994 ⁸⁴
358 3968 408 4036 Cp.
427 3967 473 4022 De
490 3969 592 4038 Augur.
605 3968 642 4023 iii.
656 3983 673 4035 4
688 3969 733 4037 (Ε.
746 3970 803 4023 and
817 3972 855 4037 S.,
869 3970 922 4023 vol.
937 3969 953 4023 i.
967 3987 994 4039 p.
1005 3968 1067 4038 565)
1080 3987 1086 4023 :
1115 3971 1169 4024 ‘At
1186 3969 1366 4024 manifestum
1385 3983 1435 4038 est,

283 4050 439 4117 Platonem,
456 4050 545 4105 virum
565 4052 692 4107 sublimis
710 4052 812 4121 ingenii
833 4052 947 4122 (quique
966 4052 1051 4107 veluti
1069 4069 1103 4107 ex
1121 4069 1190 4122 rupe
1211 4055 1321 4108 excelsa
1342 4053 1437 4108 omnia

282 4133 546 4203 circumspiciebat),
565 4135 592 4189 in
613 4152 663 4189 sua
681 4136 717 4190 de
737 4135 813 4190 Ideis
832 4135 960 4190 doctrina
971 4137 1094 4190 Formas
1111 4153 1169 4190 esse
1186 4153 1286 4190 aarum
1305 4139 1438 4191 scientiae

281 4217 415 4286 abjectum
428 4216 533 4273 vidisse
545 4235 552 4286 ;
572 4229 711 4288 utcunque
728 4217 883 4273 sententiae
896 4218 978 4288 hujus
991 4217 1155 4274 verissimae
1168 4220 1287 4274 fructum
1303 4220 1436 4288 amisen't,

283 4299 402 4354 Formas
418 4300 530 4369 penitus
545 4319 562 4355 a
576 4301 698 4356 Materia
713 4302 879 4369 abstractas,
892 4319 948 4358 non
966 4302 993 4356 in
1010 4303 1130 4358 Materia
1146 4301 1356 4372 determinatas,
1369 4321 1436 4359 con-

282 4382 445 4451 templando
457 4395 484 4438 et
496 4384 672 4453 prensando;
694 4385 767 4440 unde
778 4385 880 4439 iactum
895 4396 946 4452 est,
958 4397 986 4440 ut
1000 4387 1036 4440 ad
1047 4387 1253 4456 speculationes
1263 4386 1436 4456 theologicas

282 4464 437 4533 diverteret,
451 4467 526 4536 quod
539 4483 651 4523 omnem
666 4468 820 4523 naturalem
834 4486 913 4523 suam
926 4469 1132 4541 philosophiam
1146 4469 1242 4525 infecit
1254 4479 1281 4525 et
1295 4471 1409 4540 polluit!
