<?xml version="1.0" encoding="UTF-8"?>
<!DOCTYPE html PUBLIC "-//W3C//DTD XHTML 1.0 Transitional//EN"
    "http://www.w3.org/TR/xhtml1/DTD/xhtml1-transitional.dtd">
<html xmlns="http://www.w3.org/1999/xhtml" xml:lang="en" lang="en">
 <head>
  <title>
</title>
<meta http-equiv="Content-Type" content="text/html;charset=utf-8" />
  <meta name='ocr-system' content='tesseract 3.04.00' />
  <meta name='ocr-capabilities' content='ocr_page ocr_carea ocr_par ocr_line ocrx_word'/>
</head>
<body>
  <div class='ocr_page' id='page_1' title='image "./baconsnovumorga00bacogoog/baconsnovumorga00bacogoog_0623.png"; bbox 0 0 3250 5138; ppageno 0'>
   <div class='ocr_carea' id='block_1_1' title="bbox 393 361 1152 445">
    <p class='ocr_par' dir='ltr' id='par_1_1' title="bbox 393 361 1152 445">
     <span class='ocr_line' id='line_1_1' title="bbox 393 361 1152 445; baseline -0.011 -18"><span class='ocrx_word' id='word_1_1' title='bbox 393 361 457 445; x_wconf 82' lang='lat'>578</span> <span class='ocrx_word' id='word_1_2' title='bbox 762 361 1152 422; x_wconf 73' lang='lat' dir='ltr'>novunoncxnnn.</span> 
     </span>
    </p>
   </div>
   <div class='ocr_carea' id='block_1_2' title="bbox 383 525 1516 3412">
    <p class='ocr_par' dir='ltr' id='par_1_2' title="bbox 383 525 1516 1336">
     <span class='ocr_line' id='line_1_2' title="bbox 394 525 1516 616; baseline -0.006 -20"><span class='ocrx_word' id='word_1_3' title='bbox 394 532 558 616; x_wconf 86' lang='lat' dir='ltr'>quaedam</span> <span class='ocrx_word' id='word_1_4' title='bbox 581 525 799 614; x_wconf 77' lang='lat' dir='ltr'>artificiales);</span> <span class='ocrx_word' id='word_1_5' title='bbox 821 538 856 594; x_wconf 87' lang='lat' dir='ltr'>et</span> <span class='ocrx_word' id='word_1_6' title='bbox 877 528 1078 612; x_wconf 90' lang='lat' dir='ltr'>hujusmodi.</span> <span class='ocrx_word' id='word_1_7' title='bbox 1123 525 1316 610; x_wconf 84' lang='lat' dir='ltr'><strong>Quinetiam</strong></span> <span class='ocrx_word' id='word_1_8' title='bbox 1338 546 1425 610; x_wconf 90' lang='lat' dir='ltr'>quae</span> <span class='ocrx_word' id='word_1_9' title='bbox 1447 526 1516 591; x_wconf 91' lang='lat' dir='ltr'>inte</span> 
     </span>
     <span class='ocr_line' id='line_1_3' title="bbox 394 629 1515 714; baseline -0.005 -14"><span class='ocrx_word' id='word_1_10' title='bbox 394 636 529 700; x_wconf 90' lang='lat' dir='ltr'>veniunt</span> <span class='ocrx_word' id='word_1_11' title='bbox 551 635 583 698; x_wconf 93' lang='lat' dir='ltr'>in</span> <span class='ocrx_word' id='word_1_12' title='bbox 606 643 724 698; x_wconf 87' lang='lat' dir='ltr'>natura</span> <span class='ocrx_word' id='word_1_13' title='bbox 745 634 1027 708; x_wconf 88' lang='lat' dir='ltr'>condensationes,</span> <span class='ocrx_word' id='word_1_14' title='bbox 1045 631 1152 696; x_wconf 90' lang='lat' dir='ltr'>factae</span> <span class='ocrx_word' id='word_1_15' title='bbox 1169 651 1228 714; x_wconf 87' lang='lat' dir='ltr'>per</span> <span class='ocrx_word' id='word_1_16' title='bbox 1245 629 1373 713; x_wconf 82' lang='lat' dir='ltr'>frigora,</span> <span class='ocrx_word' id='word_1_17' title='bbox 1396 629 1515 694; x_wconf 61' lang='lat' dir='ltr'>similit*</span> 
     </span>
     <span class='ocr_line' id='line_1_4' title="bbox 383 733 1514 822; baseline -0.009 -14"><span class='ocrx_word' id='word_1_18' title='bbox 383 747 471 808; x_wconf 79' lang='lat' dir='ltr'>sunt</span> <span class='ocrx_word' id='word_1_19' title='bbox 492 737 759 822; x_wconf 75' lang='lat' dir='ltr'>investigandae3</span> <span class='ocrx_word' id='word_1_20' title='bbox 782 746 829 816; x_wconf 91' lang='lat' dir='ltr'>ut,</span> <span class='ocrx_word' id='word_1_21' title='bbox 849 737 957 802; x_wconf 89' lang='lat' dir='ltr'>causis</span> <span class='ocrx_word' id='word_1_22' title='bbox 976 757 1089 802; x_wconf 92' lang='lat' dir='ltr'>eorum</span> <span class='ocrx_word' id='word_1_23' title='bbox 1110 735 1259 818; x_wconf 84' lang='lat' dir='ltr'><strong>cognitis,</strong></span> <span class='ocrx_word' id='word_1_24' title='bbox 1278 733 1444 799; x_wconf 83' lang='lat' dir='ltr'>transferri</span> <span class='ocrx_word' id='word_1_25' title='bbox 1468 756 1514 817; x_wconf 92' lang='lat' dir='ltr'>po</span> 
     </span>
     <span class='ocr_line' id='line_1_5' title="bbox 394 839 1515 923; baseline -0.007 -13"><span class='ocrx_word' id='word_1_26' title='bbox 394 845 461 910; x_wconf 86' lang='lat' dir='ltr'>sint</span> <span class='ocrx_word' id='word_1_27' title='bbox 487 843 520 905; x_wconf 92' lang='lat' dir='ltr'>in</span> <span class='ocrx_word' id='word_1_28' title='bbox 546 852 643 906; x_wconf 88' lang='lat' dir='ltr'>artes.</span> <span class='ocrx_word' id='word_1_29' title='bbox 688 839 813 923; x_wconf 84' lang='lat' dir='ltr'>Quales</span> <span class='ocrx_word' id='word_1_30' title='bbox 838 849 1016 906; x_wconf 90' lang='lat' dir='ltr'>cernuntur</span> <span class='ocrx_word' id='word_1_31' title='bbox 1037 839 1071 904; x_wconf 91' lang='lat' dir='ltr'>in</span> <span class='ocrx_word' id='word_1_32' title='bbox 1093 839 1294 904; x_wconf 89' lang='lat' dir='ltr'>exudatione</span> <span class='ocrx_word' id='word_1_33' title='bbox 1317 839 1491 902; x_wconf 89' lang='lat' dir='ltr'>marmoris</span> <span class='ocrx_word' id='word_1_34' title='bbox 1514 875 1515 888; x_wconf 71' lang='lat'>.</span> 
     </span>
     <span class='ocr_line' id='line_1_6' title="bbox 394 941 1515 1030; baseline -0.009 -18"><span class='ocrx_word' id='word_1_35' title='bbox 394 947 541 1030; x_wconf 91' lang='lat' dir='ltr'>lapidum</span> <span class='ocrx_word' id='word_1_36' title='bbox 552 943 599 1024; x_wconf 79' lang='lat'>¹²3</span> <span class='ocrx_word' id='word_1_37' title='bbox 621 945 653 1008; x_wconf 92' lang='lat' dir='ltr'>in</span> <span class='ocrx_word' id='word_1_38' title='bbox 665 944 884 1009; x_wconf 90' lang='lat' dir='ltr'>rorationibus</span> <span class='ocrx_word' id='word_1_39' title='bbox 895 944 1088 1028; x_wconf 89' lang='lat' dir='ltr'>supervitra</span> <span class='ocrx_word' id='word_1_40' title='bbox 1099 963 1158 1027; x_wconf 90' lang='lat' dir='ltr'>per</span> <span class='ocrx_word' id='word_1_41' title='bbox 1169 941 1305 1008; x_wconf 86' lang='lat' dir='ltr'>interius</span> <span class='ocrx_word' id='word_1_42' title='bbox 1316 943 1515 1006; x_wconf 80' lang='lat' dir='ltr'>fenestratur</span> 
     </span>
     <span class='ocr_line' id='line_1_7' title="bbox 394 1045 1515 1133; baseline -0.008 -18"><span class='ocrx_word' id='word_1_43' title='bbox 394 1051 457 1116; x_wconf 86' lang='lat' dir='ltr'>sub</span> <span class='ocrx_word' id='word_1_44' title='bbox 472 1067 633 1126; x_wconf 90' lang='lat' dir='ltr'>auroram,</span> <span class='ocrx_word' id='word_1_45' title='bbox 649 1059 725 1133; x_wconf 91' lang='lat' dir='ltr'>post</span> <span class='ocrx_word' id='word_1_46' title='bbox 746 1047 822 1132; x_wconf 88' lang='lat' dir='ltr'>gelu</span> <span class='ocrx_word' id='word_1_47' title='bbox 840 1049 966 1125; x_wconf 89' lang='lat' dir='ltr'>noctis;</span> <span class='ocrx_word' id='word_1_48' title='bbox 989 1047 1023 1112; x_wconf 92' lang='lat' dir='ltr'>in</span> <span class='ocrx_word' id='word_1_49' title='bbox 1041 1047 1221 1131; x_wconf 85' lang='lat' dir='ltr'>originibus</span> <span class='ocrx_word' id='word_1_50' title='bbox 1241 1057 1275 1110; x_wconf 88' lang='lat' dir='ltr'>et</span> <span class='ocrx_word' id='word_1_51' title='bbox 1295 1045 1515 1110; x_wconf 75' lang='lat' dir='ltr'>collectionibr</span> 
     </span>
     <span class='ocr_line' id='line_1_8' title="bbox 395 1143 1515 1232; baseline -0.006 -18"><span class='ocrx_word' id='word_1_52' title='bbox 395 1168 557 1232; x_wconf 85' lang='lat' dir='ltr'>vaporum</span> <span class='ocrx_word' id='word_1_53' title='bbox 574 1147 607 1211; x_wconf 89' lang='lat' dir='ltr'>in</span> <span class='ocrx_word' id='word_1_54' title='bbox 622 1167 728 1230; x_wconf 86' lang='lat' dir='ltr'>aquas</span> <span class='ocrx_word' id='word_1_55' title='bbox 742 1149 806 1212; x_wconf 91' lang='lat' dir='ltr'>sub</span> <span class='ocrx_word' id='word_1_56' title='bbox 818 1157 916 1226; x_wconf 86' lang='lat' dir='ltr'>terra,</span> <span class='ocrx_word' id='word_1_57' title='bbox 928 1149 1015 1212; x_wconf 90' lang='lat' dir='ltr'>unde</span> <span class='ocrx_word' id='word_1_58' title='bbox 1029 1167 1129 1232; x_wconf 86' lang='lat' dir='ltr'>saepe</span> <span class='ocrx_word' id='word_1_59' title='bbox 1143 1147 1325 1212; x_wconf 88' lang='lat' dir='ltr'>scaturiunt</span> <span class='ocrx_word' id='word_1_60' title='bbox 1336 1143 1492 1222; x_wconf 80' lang='lat' dir='ltr'>fontes¹³;</span> <span class='ocrx_word' id='word_1_61' title='bbox 1513 1177 1515 1196; x_wconf 62' lang='grc' dir='ltr'>ι</span> 
     </span>
     <span class='ocr_line' id='line_1_9' title="bbox 395 1250 966 1336; baseline -0.007 -18"><span class='ocrx_word' id='word_1_62' title='bbox 395 1271 611 1336; x_wconf 87' lang='lat' dir='ltr'>quaecunque</span> <span class='ocrx_word' id='word_1_63' title='bbox 626 1259 702 1316; x_wconf 93' lang='lat' dir='ltr'>sunt</span> <span class='ocrx_word' id='word_1_64' title='bbox 717 1250 814 1334; x_wconf 87' lang='lat' dir='ltr'>hujus</span> <span class='ocrx_word' id='word_1_65' title='bbox 829 1251 966 1335; x_wconf 87' lang='lat' dir='ltr'>generis.</span> 
     </span>
    </p>

    <p class='ocr_par' dir='ltr' id='par_1_3' title="bbox 396 1352 1515 3412">
     <span class='ocr_line' id='line_1_10' title="bbox 441 1352 1515 1440; baseline -0.005 -20"><span class='ocrx_word' id='word_1_66' title='bbox 441 1354 658 1420; x_wconf 83' lang='lat' dir='ltr'>inveniuntur</span> <span class='ocrx_word' id='word_1_67' title='bbox 672 1364 794 1430; x_wconf 91' lang='lat' dir='ltr'>autem,</span> <span class='ocrx_word' id='word_1_68' title='bbox 810 1365 940 1438; x_wconf 89' lang='lat' dir='ltr'>praeter</span> <span class='ocrx_word' id='word_1_69' title='bbox 955 1353 1011 1420; x_wconf 87' lang='lat' dir='ltr'>illa</span> <span class='ocrx_word' id='word_1_70' title='bbox 1025 1375 1111 1440; x_wconf 85' lang='lat' dir='ltr'>quae</span> <span class='ocrx_word' id='word_1_71' title='bbox 1125 1363 1203 1419; x_wconf 85' lang='lat' dir='ltr'>sunt</span> <span class='ocrx_word' id='word_1_72' title='bbox 1217 1352 1335 1438; x_wconf 88' lang='lat' dir='ltr'>frigida</span> <span class='ocrx_word' id='word_1_73' title='bbox 1349 1353 1392 1417; x_wconf 92' lang='lat' dir='ltr'>ad</span> <span class='ocrx_word' id='word_1_74' title='bbox 1408 1362 1515 1418; x_wconf 89' lang='lat' dir='ltr'>tactur</span> 
     </span>
     <span class='ocr_line' id='line_1_11' title="bbox 398 1457 1515 1544; baseline -0.005 -20"><span class='ocrx_word' id='word_1_75' title='bbox 398 1461 563 1543; x_wconf 85' lang='lat' dir='ltr'>quaedam</span> <span class='ocrx_word' id='word_1_76' title='bbox 579 1457 644 1524; x_wconf 90' lang='lat' dir='ltr'>alia</span> <span class='ocrx_word' id='word_1_77' title='bbox 659 1468 824 1542; x_wconf 83' lang='lat' dir='ltr'>potestate</span> <span class='ocrx_word' id='word_1_78' title='bbox 835 1460 962 1544; x_wconf 83' lang='lat' dir='ltr'>frigida,</span> <span class='ocrx_word' id='word_1_79' title='bbox 973 1480 1060 1543; x_wconf 92' lang='lat' dir='ltr'>quae</span> <span class='ocrx_word' id='word_1_80' title='bbox 1071 1459 1171 1524; x_wconf 89' lang='lat' dir='ltr'>etiam</span> <span class='ocrx_word' id='word_1_81' title='bbox 1183 1459 1405 1531; x_wconf 82' lang='lat' dir='ltr'>condensant3</span> <span class='ocrx_word' id='word_1_82' title='bbox 1427 1477 1515 1520; x_wconf 78' lang='lat' dir='ltr'>verur</span> 
     </span>
     <span class='ocr_line' id='line_1_12' title="bbox 396 1560 1515 1648; baseline -0.007 -18"><span class='ocrx_word' id='word_1_83' title='bbox 396 1575 508 1630; x_wconf 90' lang='lat' dir='ltr'>tamen</span> <span class='ocrx_word' id='word_1_84' title='bbox 524 1563 653 1646; x_wconf 88' lang='lat' dir='ltr'>operari</span> <span class='ocrx_word' id='word_1_85' title='bbox 665 1564 818 1629; x_wconf 89' lang='lat' dir='ltr'>videntur</span> <span class='ocrx_word' id='word_1_86' title='bbox 831 1585 930 1648; x_wconf 91' lang='lat' dir='ltr'>super</span> <span class='ocrx_word' id='word_1_87' title='bbox 941 1583 1077 1648; x_wconf 90' lang='lat' dir='ltr'>corpora</span> <span class='ocrx_word' id='word_1_88' title='bbox 1088 1560 1278 1626; x_wconf 89' lang='lat' dir='ltr'>animalium</span> <span class='ocrx_word' id='word_1_89' title='bbox 1290 1571 1430 1639; x_wconf 87' lang='lat' dir='ltr'>tantum,</span> <span class='ocrx_word' id='word_1_90' title='bbox 1441 1571 1475 1626; x_wconf 88' lang='lat' dir='ltr'>et</span> <span class='ocrx_word' id='word_1_91' title='bbox 1487 1562 1515 1623; x_wconf 86' lang='lat' dir='ltr'>vi</span> 
     </span>
     <span class='ocr_line' id='line_1_13' title="bbox 396 1665 1515 1749; baseline -0.005 -17"><span class='ocrx_word' id='word_1_92' title='bbox 396 1668 492 1732; x_wconf 89' lang='lat' dir='ltr'>ultra.</span> <span class='ocrx_word' id='word_1_93' title='bbox 538 1667 647 1749; x_wconf 90' lang='lat' dir='ltr'>Hujus</span> <span class='ocrx_word' id='word_1_94' title='bbox 663 1668 791 1749; x_wconf 87' lang='lat' dir='ltr'>generis</span> <span class='ocrx_word' id='word_1_95' title='bbox 808 1687 845 1732; x_wconf 90' lang='lat' dir='ltr'>se</span> <span class='ocrx_word' id='word_1_96' title='bbox 865 1669 1045 1733; x_wconf 89' lang='lat' dir='ltr'>ostendunt</span> <span class='ocrx_word' id='word_1_97' title='bbox 1063 1665 1168 1731; x_wconf 89' lang='lat' dir='ltr'>multa</span> <span class='ocrx_word' id='word_1_98' title='bbox 1187 1667 1219 1729; x_wconf 92' lang='lat' dir='ltr'>in</span> <span class='ocrx_word' id='word_1_99' title='bbox 1238 1666 1407 1730; x_wconf 82' lang='lat' dir='ltr'>medicinis</span> <span class='ocrx_word' id='word_1_100' title='bbox 1425 1675 1458 1728; x_wconf 93' lang='lat' dir='ltr'>et</span> <span class='ocrx_word' id='word_1_101' title='bbox 1477 1686 1515 1728; x_wconf 92' lang='lat' dir='ltr'>en</span> 
     </span>
     <span class='ocr_line' id='line_1_14' title="bbox 396 1769 1515 1856; baseline -0.004 -20"><span class='ocrx_word' id='word_1_102' title='bbox 396 1771 540 1856; x_wconf 87' lang='lat' dir='ltr'>plastris.</span> <span class='ocrx_word' id='word_1_103' title='bbox 585 1770 665 1834; x_wconf 81' lang='lat' dir='ltr'>Alia</span> <span class='ocrx_word' id='word_1_104' title='bbox 680 1781 792 1838; x_wconf 87' lang='lat' dir='ltr'>autem</span> <span class='ocrx_word' id='word_1_105' title='bbox 811 1771 1013 1837; x_wconf 88' lang='lat' dir='ltr'>condensant</span> <span class='ocrx_word' id='word_1_106' title='bbox 1032 1790 1146 1837; x_wconf 90' lang='lat' dir='ltr'>carnes</span> <span class='ocrx_word' id='word_1_107' title='bbox 1165 1779 1199 1833; x_wconf 93' lang='lat' dir='ltr'>et</span> <span class='ocrx_word' id='word_1_108' title='bbox 1220 1779 1331 1853; x_wconf 86' lang='lat' dir='ltr'>partes</span> <span class='ocrx_word' id='word_1_109' title='bbox 1349 1769 1515 1852; x_wconf 82' lang='lat' dir='ltr'>tangibile:</span> 
     </span>
     <span class='ocr_line' id='line_1_15' title="bbox 398 1873 1515 1958; baseline -0.003 -19"><span class='ocrx_word' id='word_1_110' title='bbox 398 1875 509 1958; x_wconf 83' lang='lat' dir='ltr'>qualia</span> <span class='ocrx_word' id='word_1_111' title='bbox 520 1885 597 1939; x_wconf 90' lang='lat' dir='ltr'>sunt</span> <span class='ocrx_word' id='word_1_112' title='bbox 609 1876 851 1940; x_wconf 88' lang='lat' dir='ltr'>medicamenta</span> <span class='ocrx_word' id='word_1_113' title='bbox 862 1875 1085 1958; x_wconf 90' lang='lat' dir='ltr'>astringentia,</span> <span class='ocrx_word' id='word_1_114' title='bbox 1096 1874 1304 1956; x_wconf 90' lang='lat' dir='ltr'>atqueetiam</span> <span class='ocrx_word' id='word_1_115' title='bbox 1318 1873 1515 1956; x_wconf 74' lang='lat' dir='ltr'>inspissantiz</span> 
     </span>
     <span class='ocr_line' id='line_1_16' title="bbox 397 1977 1515 2063; baseline -0.003 -20"><span class='ocrx_word' id='word_1_116' title='bbox 397 1978 461 2043; x_wconf 91' lang='lat' dir='ltr'>alia</span> <span class='ocrx_word' id='word_1_117' title='bbox 484 1979 687 2043; x_wconf 90' lang='lat' dir='ltr'>condensant</span> <span class='ocrx_word' id='word_1_118' title='bbox 710 1979 864 2063; x_wconf 91' lang='lat' dir='ltr'>spiritus;</span> <span class='ocrx_word' id='word_1_119' title='bbox 888 1980 922 2044; x_wconf 90' lang='lat' dir='ltr'>id</span> <span class='ocrx_word' id='word_1_120' title='bbox 947 1979 1037 2061; x_wconf 90' lang='lat' dir='ltr'>quod</span> <span class='ocrx_word' id='word_1_121' title='bbox 1060 1979 1206 2042; x_wconf 89' lang='lat' dir='ltr'>maxime</span> <span class='ocrx_word' id='word_1_122' title='bbox 1229 1979 1369 2043; x_wconf 89' lang='lat' dir='ltr'>cernitur</span> <span class='ocrx_word' id='word_1_123' title='bbox 1390 1977 1422 2040; x_wconf 94' lang='lat' dir='ltr'>in</span> <span class='ocrx_word' id='word_1_124' title='bbox 1448 1999 1515 2060; x_wconf 86' lang='lat' dir='ltr'>sop</span> 
     </span>
     <span class='ocr_line' id='line_1_17' title="bbox 398 2080 1515 2166; baseline -0.003 -20"><span class='ocrx_word' id='word_1_125' title='bbox 398 2080 549 2146; x_wconf 81' lang='lat' dir='ltr'>riferis¹⁴.</span> <span class='ocrx_word' id='word_1_126' title='bbox 595 2081 733 2164; x_wconf 87' lang='lat' dir='ltr'>Duplex</span> <span class='ocrx_word' id='word_1_127' title='bbox 748 2095 861 2148; x_wconf 90' lang='lat' dir='ltr'>autem</span> <span class='ocrx_word' id='word_1_128' title='bbox 877 2092 928 2148; x_wconf 90' lang='lat' dir='ltr'>est</span> <span class='ocrx_word' id='word_1_129' title='bbox 948 2084 1066 2147; x_wconf 89' lang='lat' dir='ltr'>modus</span> <span class='ocrx_word' id='word_1_130' title='bbox 1080 2081 1346 2147; x_wconf 88' lang='lat' dir='ltr'>condensationis</span> <span class='ocrx_word' id='word_1_131' title='bbox 1361 2081 1515 2166; x_wconf 89' lang='lat' dir='ltr'>spirituur</span> 
     </span>
     <span class='ocr_line' id='line_1_18' title="bbox 398 2185 1515 2270; baseline -0.001 -22"><span class='ocrx_word' id='word_1_132' title='bbox 398 2207 457 2269; x_wconf 94' lang='lat' dir='ltr'>per</span> <span class='ocrx_word' id='word_1_133' title='bbox 473 2187 714 2250; x_wconf 90' lang='lat' dir='ltr'>medicamenta</span> <span class='ocrx_word' id='word_1_134' title='bbox 736 2186 924 2270; x_wconf 90' lang='lat' dir='ltr'>soporifera,</span> <span class='ocrx_word' id='word_1_135' title='bbox 947 2187 1015 2250; x_wconf 92' lang='lat' dir='ltr'>sive</span> <span class='ocrx_word' id='word_1_136' title='bbox 1038 2185 1248 2268; x_wconf 86' lang='lat' dir='ltr'>provocantia</span> <span class='ocrx_word' id='word_1_137' title='bbox 1270 2205 1441 2250; x_wconf 89' lang='lat' dir='ltr'>somnum:</span> <span class='ocrx_word' id='word_1_138' title='bbox 1462 2185 1515 2248; x_wconf 70' lang='lat' dir='ltr'>alt«</span> 
     </span>
     <span class='ocr_line' id='line_1_19' title="bbox 398 2289 1515 2374; baseline -0.003 -20"><span class='ocrx_word' id='word_1_139' title='bbox 398 2311 456 2374; x_wconf 93' lang='lat' dir='ltr'>per</span> <span class='ocrx_word' id='word_1_140' title='bbox 478 2290 683 2354; x_wconf 89' lang='lat' dir='ltr'>sedationem</span> <span class='ocrx_word' id='word_1_141' title='bbox 707 2299 837 2368; x_wconf 91' lang='lat' dir='ltr'>motus;</span> <span class='ocrx_word' id='word_1_142' title='bbox 859 2291 944 2356; x_wconf 90' lang='lat' dir='ltr'>alter</span> <span class='ocrx_word' id='word_1_143' title='bbox 965 2311 1024 2372; x_wconf 92' lang='lat' dir='ltr'>per</span> <span class='ocrx_word' id='word_1_144' title='bbox 1046 2291 1159 2372; x_wconf 91' lang='lat' dir='ltr'>fugam</span> <span class='ocrx_word' id='word_1_145' title='bbox 1181 2289 1365 2372; x_wconf 89' lang='lat' dir='ltr'>spirituum.</span> <span class='ocrx_word' id='word_1_146' title='bbox 1412 2289 1515 2352; x_wconf 88' lang='lat' dir='ltr'>Eteni</span> 
     </span>
     <span class='ocr_line' id='line_1_20' title="bbox 397 2391 1513 2475; baseline 0.001 -20"><span class='ocrx_word' id='word_1_147' title='bbox 397 2393 493 2470; x_wconf 89' lang='lat' dir='ltr'>viola,</span> <span class='ocrx_word' id='word_1_148' title='bbox 510 2413 583 2457; x_wconf 89' lang='lat' dir='ltr'>rosa</span> <span class='ocrx_word' id='word_1_149' title='bbox 600 2395 693 2468; x_wconf 91' lang='lat' dir='ltr'>sicca,</span> <span class='ocrx_word' id='word_1_150' title='bbox 711 2393 847 2472; x_wconf 85' lang='lat' dir='ltr'>lactuca,</span> <span class='ocrx_word' id='word_1_151' title='bbox 863 2403 896 2458; x_wconf 91' lang='lat' dir='ltr'>et</span> <span class='ocrx_word' id='word_1_152' title='bbox 911 2393 1100 2475; x_wconf 82' lang='lat' dir='ltr'>hujusmodi</span> <span class='ocrx_word' id='word_1_153' title='bbox 1116 2391 1289 2457; x_wconf 88' lang='lat' dir='ltr'>benedicta</span> <span class='ocrx_word' id='word_1_154' title='bbox 1308 2393 1376 2456; x_wconf 89' lang='lat' dir='ltr'>sive</span> <span class='ocrx_word' id='word_1_155' title='bbox 1392 2393 1513 2474; x_wconf 85' lang='lat' dir='ltr'>benign</span> 
     </span>
     <span class='ocr_line' id='line_1_21' title="bbox 398 2497 1515 2580; baseline 0 -20"><span class='ocrx_word' id='word_1_156' title='bbox 398 2517 458 2580; x_wconf 88' lang='lat' dir='ltr'>per</span> <span class='ocrx_word' id='word_1_157' title='bbox 482 2517 620 2580; x_wconf 89' lang='lat' dir='ltr'>vapores</span> <span class='ocrx_word' id='word_1_158' title='bbox 645 2519 723 2563; x_wconf 88' lang='lat' dir='ltr'>suos</span> <span class='ocrx_word' id='word_1_159' title='bbox 749 2499 874 2563; x_wconf 87' lang='lat' dir='ltr'>amicos</span> <span class='ocrx_word' id='word_1_160' title='bbox 897 2509 931 2562; x_wconf 92' lang='lat' dir='ltr'>et</span> <span class='ocrx_word' id='word_1_161' title='bbox 954 2498 1124 2563; x_wconf 89' lang='lat' dir='ltr'>moderate</span> <span class='ocrx_word' id='word_1_162' title='bbox 1147 2497 1382 2580; x_wconf 81' lang='lat' dir='ltr'>refrigerantes,</span> <span class='ocrx_word' id='word_1_163' title='bbox 1406 2497 1515 2562; x_wconf 72' lang='lat' dir='ltr'>invitat</span> 
     </span>
     <span class='ocr_line' id='line_1_22' title="bbox 397 2599 1514 2686; baseline 0 -22"><span class='ocrx_word' id='word_1_164' title='bbox 397 2599 530 2682; x_wconf 89' lang='lat' dir='ltr'>spiritus</span> <span class='ocrx_word' id='word_1_165' title='bbox 552 2611 588 2664; x_wconf 92' lang='lat' dir='ltr'>ut</span> <span class='ocrx_word' id='word_1_166' title='bbox 610 2621 646 2664; x_wconf 91' lang='lat' dir='ltr'>se</span> <span class='ocrx_word' id='word_1_167' title='bbox 666 2603 789 2680; x_wconf 85' lang='lat' dir='ltr'>uniant,</span> <span class='ocrx_word' id='word_1_168' title='bbox 805 2611 838 2666; x_wconf 93' lang='lat' dir='ltr'>et</span> <span class='ocrx_word' id='word_1_169' title='bbox 859 2603 1005 2684; x_wconf 87' lang='lat' dir='ltr'>ipsorum</span> <span class='ocrx_word' id='word_1_170' title='bbox 1024 2621 1133 2666; x_wconf 88' lang='lat' dir='ltr'>acrem</span> <span class='ocrx_word' id='word_1_171' title='bbox 1156 2609 1190 2665; x_wconf 92' lang='lat' dir='ltr'>et</span> <span class='ocrx_word' id='word_1_172' title='bbox 1213 2601 1393 2686; x_wconf 92' lang='lat' dir='ltr'>inquietum</span> <span class='ocrx_word' id='word_1_173' title='bbox 1417 2613 1514 2666; x_wconf 89' lang='lat' dir='ltr'>motu</span> 
     </span>
     <span class='ocr_line' id='line_1_23' title="bbox 397 2705 1482 2788; baseline 0 -20"><span class='ocrx_word' id='word_1_174' title='bbox 397 2711 622 2787; x_wconf 90' lang='lat' dir='ltr'>compescunt.</span> <span class='ocrx_word' id='word_1_175' title='bbox 686 2705 799 2770; x_wconf 88' lang='lat' dir='ltr'>Etiam</span> <span class='ocrx_word' id='word_1_176' title='bbox 832 2725 919 2788; x_wconf 90' lang='lat' dir='ltr'>aqua</span> <span class='ocrx_word' id='word_1_177' title='bbox 952 2725 1093 2780; x_wconf 89' lang='lat' dir='ltr'>rosacea,</span> <span class='ocrx_word' id='word_1_178' title='bbox 1128 2705 1280 2787; x_wconf 89' lang='lat' dir='ltr'>apposita</span> <span class='ocrx_word' id='word_1_179' title='bbox 1312 2707 1355 2769; x_wconf 89' lang='lat' dir='ltr'>ad</span> <span class='ocrx_word' id='word_1_180' title='bbox 1387 2727 1482 2770; x_wconf 90' lang='lat' dir='ltr'>nares</span> 
     </span>
     <span class='ocr_line' id='line_1_24' title="bbox 398 2807 1513 2893; baseline 0.002 -23"><span class='ocrx_word' id='word_1_181' title='bbox 398 2807 550 2890; x_wconf 90' lang='lat' dir='ltr'>deliquiis</span> <span class='ocrx_word' id='word_1_182' title='bbox 577 2809 717 2886; x_wconf 90' lang='lat' dir='ltr'>animae,</span> <span class='ocrx_word' id='word_1_183' title='bbox 743 2809 877 2893; x_wconf 89' lang='lat' dir='ltr'>spiritus</span> <span class='ocrx_word' id='word_1_184' title='bbox 904 2807 1066 2872; x_wconf 90' lang='lat' dir='ltr'>resolutos</span> <span class='ocrx_word' id='word_1_185' title='bbox 1093 2818 1128 2874; x_wconf 91' lang='lat' dir='ltr'>et</span> <span class='ocrx_word' id='word_1_186' title='bbox 1155 2808 1291 2871; x_wconf 91' lang='lat' dir='ltr'>nimium</span> <span class='ocrx_word' id='word_1_187' title='bbox 1318 2807 1485 2874; x_wconf 89' lang='lat' dir='ltr'>relaxatos</span> <span class='ocrx_word' id='word_1_188' title='bbox 1512 2863 1513 2872; x_wconf 73' lang='grc'>,</span> 
     </span>
     <span class='ocr_line' id='line_1_25' title="bbox 398 2911 1513 2996; baseline 0.002 -22"><span class='ocrx_word' id='word_1_189' title='bbox 398 2912 542 2996; x_wconf 90' lang='lat' dir='ltr'>recipere</span> <span class='ocrx_word' id='word_1_190' title='bbox 566 2911 652 2984; x_wconf 90' lang='lat' dir='ltr'>facit,</span> <span class='ocrx_word' id='word_1_191' title='bbox 679 2923 712 2976; x_wconf 91' lang='lat' dir='ltr'>et</span> <span class='ocrx_word' id='word_1_192' title='bbox 734 2922 893 2996; x_wconf 89' lang='lat' dir='ltr'>tanquam</span> <span class='ocrx_word' id='word_1_193' title='bbox 915 2913 983 2976; x_wconf 91' lang='lat' dir='ltr'>alit.</span> <span class='ocrx_word' id='word_1_194' title='bbox 1028 2912 1079 2977; x_wconf 85' lang='lat' dir='ltr'>At</span> <span class='ocrx_word' id='word_1_195' title='bbox 1102 2913 1215 2995; x_wconf 90' lang='lat' dir='ltr'>opiata</span> <span class='ocrx_word' id='word_1_196' title='bbox 1239 2922 1273 2976; x_wconf 92' lang='lat' dir='ltr'>et</span> <span class='ocrx_word' id='word_1_197' title='bbox 1300 2932 1413 2978; x_wconf 89' lang='lat' dir='ltr'>eorum</span> <span class='ocrx_word' id='word_1_198' title='bbox 1438 2913 1513 2977; x_wconf 87' lang='lat' dir='ltr'>affin</span> 
     </span>
     <span class='ocr_line' id='line_1_26' title="bbox 398 3015 1512 3101; baseline 0.004 -23"><span class='ocrx_word' id='word_1_199' title='bbox 398 3015 531 3098; x_wconf 88' lang='lat' dir='ltr'>spiritus</span> <span class='ocrx_word' id='word_1_200' title='bbox 557 3015 656 3098; x_wconf 89' lang='lat' dir='ltr'>plane</span> <span class='ocrx_word' id='word_1_201' title='bbox 682 3015 807 3098; x_wconf 90' lang='lat' dir='ltr'>fugant,</span> <span class='ocrx_word' id='word_1_202' title='bbox 834 3038 877 3081; x_wconf 90' lang='lat' dir='ltr'>ex</span> <span class='ocrx_word' id='word_1_203' title='bbox 904 3018 1064 3100; x_wconf 90' lang='lat' dir='ltr'>qualitate</span> <span class='ocrx_word' id='word_1_204' title='bbox 1088 3037 1148 3080; x_wconf 91' lang='lat' dir='ltr'>sua</span> <span class='ocrx_word' id='word_1_205' title='bbox 1174 3015 1319 3101; x_wconf 89' lang='lat' dir='ltr'>maligna</span> <span class='ocrx_word' id='word_1_206' title='bbox 1345 3026 1379 3081; x_wconf 90' lang='lat' dir='ltr'>et</span> <span class='ocrx_word' id='word_1_207' title='bbox 1406 3016 1512 3082; x_wconf 88' lang='lat' dir='ltr'>inimic</span> 
     </span>
     <span class='ocr_line' id='line_1_27' title="bbox 399 3118 1512 3204; baseline 0.004 -24"><span class='ocrx_word' id='word_1_208' title='bbox 399 3118 518 3200; x_wconf 91' lang='lat' dir='ltr'>Itaque</span> <span class='ocrx_word' id='word_1_209' title='bbox 533 3120 560 3180; x_wconf 90' lang='lat' dir='ltr'>si</span> <span class='ocrx_word' id='word_1_210' title='bbox 576 3119 784 3203; x_wconf 87' lang='lat' dir='ltr'>applicentur</span> <span class='ocrx_word' id='word_1_211' title='bbox 799 3121 884 3203; x_wconf 91' lang='lat' dir='ltr'>parti</span> <span class='ocrx_word' id='word_1_212' title='bbox 906 3121 1071 3195; x_wconf 86' lang='lat' dir='ltr'>exteriori,</span> <span class='ocrx_word' id='word_1_213' title='bbox 1090 3121 1205 3185; x_wconf 91' lang='lat' dir='ltr'>statim</span> <span class='ocrx_word' id='word_1_214' title='bbox 1223 3121 1396 3204; x_wconf 91' lang='lat' dir='ltr'>aufugiunt</span> <span class='ocrx_word' id='word_1_215' title='bbox 1414 3123 1512 3204; x_wconf 79' lang='lat' dir='ltr'>spiriu</span> 
     </span>
     <span class='ocr_line' id='line_1_28' title="bbox 397 3221 1512 3308; baseline 0.004 -24"><span class='ocrx_word' id='word_1_216' title='bbox 397 3221 441 3284; x_wconf 88' lang='lat' dir='ltr'>ab</span> <span class='ocrx_word' id='word_1_217' title='bbox 471 3221 526 3284; x_wconf 85' lang='lat' dir='ltr'>illa</span> <span class='ocrx_word' id='word_1_218' title='bbox 553 3233 657 3303; x_wconf 90' lang='lat' dir='ltr'>parte,</span> <span class='ocrx_word' id='word_1_219' title='bbox 685 3243 744 3288; x_wconf 91' lang='lat' dir='ltr'>nec</span> <span class='ocrx_word' id='word_1_220' title='bbox 770 3224 913 3308; x_wconf 90' lang='lat' dir='ltr'>amplius</span> <span class='ocrx_word' id='word_1_221' title='bbox 938 3224 1078 3288; x_wconf 89' lang='lat' dir='ltr'>libenter</span> <span class='ocrx_word' id='word_1_222' title='bbox 1103 3223 1263 3288; x_wconf 83' lang='lat' dir='ltr'>influunt:</span> <span class='ocrx_word' id='word_1_223' title='bbox 1298 3225 1349 3290; x_wconf 90' lang='lat' dir='ltr'>sin</span> <span class='ocrx_word' id='word_1_224' title='bbox 1375 3237 1512 3290; x_wconf 89' lang='lat' dir='ltr'>sumant</span> 
     </span>
     <span class='ocr_line' id='line_1_29' title="bbox 398 3325 1480 3412; baseline 0.007 -26"><span class='ocrx_word' id='word_1_225' title='bbox 398 3325 541 3402; x_wconf 89' lang='lat' dir='ltr'>interius,</span> <span class='ocrx_word' id='word_1_226' title='bbox 571 3347 709 3408; x_wconf 89' lang='lat' dir='ltr'>vapores</span> <span class='ocrx_word' id='word_1_227' title='bbox 739 3347 864 3405; x_wconf 90' lang='lat' dir='ltr'>eorum,</span> <span class='ocrx_word' id='word_1_228' title='bbox 894 3329 1107 3400; x_wconf 84' lang='lat' dir='ltr'>ascendentes</span> <span class='ocrx_word' id='word_1_229' title='bbox 1136 3329 1179 3392; x_wconf 94' lang='lat' dir='ltr'>ad</span> <span class='ocrx_word' id='word_1_230' title='bbox 1209 3339 1318 3412; x_wconf 90' lang='lat' dir='ltr'>caput,</span> <span class='ocrx_word' id='word_1_231' title='bbox 1349 3329 1480 3412; x_wconf 87' lang='lat' dir='ltr'>spiritus</span> 
     </span>
    </p>
   </div>
   <div class='ocr_carea' id='block_1_3' title="bbox 396 3510 1510 4505">
    <p class='ocr_par' dir='ltr' id='par_1_4' title="bbox 398 3510 1510 3756">
     <span class='ocr_line' id='line_1_30' title="bbox 433 3510 1508 3586; baseline 0.004 -20"><span class='ocrx_word' id='word_1_232' title='bbox 433 3510 455 3543; x_wconf 83' lang='lat'>¹²</span> <span class='ocrx_word' id='word_1_233' title='bbox 472 3511 543 3566; x_wconf 86' lang='lat' dir='ltr'>This</span> <span class='ocrx_word' id='word_1_234' title='bbox 556 3513 612 3566; x_wconf 90' lang='lat' dir='ltr'>and</span> <span class='ocrx_word' id='word_1_235' title='bbox 625 3513 672 3568; x_wconf 91' lang='lat' dir='ltr'>the</span> <span class='ocrx_word' id='word_1_236' title='bbox 685 3524 750 3568; x_wconf 90' lang='lat' dir='ltr'>next</span> <span class='ocrx_word' id='word_1_237' title='bbox 759 3515 956 3584; x_wconf 88' lang='lat' dir='ltr'>phenomenon</span> <span class='ocrx_word' id='word_1_238' title='bbox 966 3515 1035 3570; x_wconf 91' lang='lat' dir='ltr'>both</span> <span class='ocrx_word' id='word_1_239' title='bbox 1044 3517 1091 3570; x_wconf 88' lang='lat' dir='ltr'>fall</span> <span class='ocrx_word' id='word_1_240' title='bbox 1101 3517 1191 3572; x_wconf 89' lang='lat' dir='ltr'>under</span> <span class='ocrx_word' id='word_1_241' title='bbox 1200 3518 1247 3572; x_wconf 86' lang='lat' dir='ltr'>the</span> <span class='ocrx_word' id='word_1_242' title='bbox 1255 3517 1369 3586; x_wconf 85' lang='lat' dir='ltr'>general</span> <span class='ocrx_word' id='word_1_243' title='bbox 1378 3517 1452 3572; x_wconf 89' lang='lat' dir='ltr'>head</span> <span class='ocrx_word' id='word_1_244' title='bbox 1461 3518 1508 3572; x_wconf 90' lang='lat' dir='ltr'>oft</span> 
     </span>
     <span class='ocr_line' id='line_1_31' title="bbox 399 3599 1510 3675; baseline 0.005 -21"><span class='ocrx_word' id='word_1_245' title='bbox 399 3599 566 3669; x_wconf 89' lang='lat' dir='ltr'>Deposition</span> <span class='ocrx_word' id='word_1_246' title='bbox 579 3599 612 3654; x_wconf 91' lang='lat' dir='ltr'>of</span> <span class='ocrx_word' id='word_1_247' title='bbox 620 3601 699 3655; x_wconf 84' lang='lat' dir='ltr'>Dew.</span> <span class='ocrx_word' id='word_1_248' title='bbox 727 3602 784 3656; x_wconf 87' lang='lat' dir='ltr'>For</span> <span class='ocrx_word' id='word_1_249' title='bbox 796 3603 952 3658; x_wconf 79' lang='lat' dir='ltr'>references</span> <span class='ocrx_word' id='word_1_250' title='bbox 965 3619 1001 3658; x_wconf 89' lang='lat' dir='ltr'>on</span> <span class='ocrx_word' id='word_1_251' title='bbox 1014 3603 1071 3658; x_wconf 87' lang='lat' dir='ltr'>this</span> <span class='ocrx_word' id='word_1_252' title='bbox 1083 3603 1200 3673; x_wconf 86' lang='lat' dir='ltr'>subject,</span> <span class='ocrx_word' id='word_1_253' title='bbox 1214 3620 1261 3659; x_wconf 89' lang='lat' dir='ltr'>see</span> <span class='ocrx_word' id='word_1_254' title='bbox 1273 3613 1354 3660; x_wconf 86' lang='lat' dir='ltr'>notes</span> <span class='ocrx_word' id='word_1_255' title='bbox 1366 3621 1403 3658; x_wconf 94' lang='lat' dir='ltr'>on</span> <span class='ocrx_word' id='word_1_256' title='bbox 1416 3605 1489 3675; x_wconf 82' lang='lat' dir='ltr'>Aph.</span> <span class='ocrx_word' id='word_1_257' title='bbox 1503 3633 1510 3660; x_wconf 76' lang='lat' dir='ltr'>t</span> 
     </span>
     <span class='ocr_line' id='line_1_32' title="bbox 398 3682 930 3756; baseline 0.004 -18"><span class='ocrx_word' id='word_1_258' title='bbox 398 3684 450 3753; x_wconf 89' lang='lat' dir='ltr'>Cp.</span> <span class='ocrx_word' id='word_1_259' title='bbox 463 3683 523 3736; x_wconf 90' lang='lat' dir='ltr'>also</span> <span class='ocrx_word' id='word_1_260' title='bbox 536 3682 622 3751; x_wconf 85' lang='lat' dir='ltr'>Sylva</span> <span class='ocrx_word' id='word_1_261' title='bbox 634 3684 790 3753; x_wconf 83' lang='lat' dir='ltr'>Sylvanrm,</span> <span class='ocrx_word' id='word_1_262' title='bbox 803 3686 874 3756; x_wconf 91' lang='lat' dir='ltr'>Exp.</span> <span class='ocrx_word' id='word_1_263' title='bbox 888 3685 930 3740; x_wconf 90' lang='lat'>81.</span> 
     </span>
    </p>

    <p class='ocr_par' dir='ltr' id='par_1_5' title="bbox 396 3763 1509 4335">
     <span class='ocr_line' id='line_1_33' title="bbox 433 3763 1509 3842; baseline 0.007 -23"><span class='ocrx_word' id='word_1_264' title='bbox 433 3763 454 3796; x_wconf 78' lang='lat'>¹⁸</span> <span class='ocrx_word' id='word_1_265' title='bbox 473 3765 593 3820; x_wconf 86' lang='lat' dir='ltr'>Bacon’s</span> <span class='ocrx_word' id='word_1_266' title='bbox 606 3766 739 3836; x_wconf 84' lang='lat' dir='ltr'>meaning</span> <span class='ocrx_word' id='word_1_267' title='bbox 751 3767 804 3821; x_wconf 86' lang='lat' dir='ltr'>will</span> <span class='ocrx_word' id='word_1_268' title='bbox 817 3770 852 3822; x_wconf 89' lang='lat' dir='ltr'>be</span> <span class='ocrx_word' id='word_1_269' title='bbox 865 3770 948 3822; x_wconf 91' lang='lat' dir='ltr'>made</span> <span class='ocrx_word' id='word_1_270' title='bbox 961 3768 1036 3839; x_wconf 89' lang='lat' dir='ltr'>plain</span> <span class='ocrx_word' id='word_1_271' title='bbox 1050 3770 1088 3839; x_wconf 88' lang='lat' dir='ltr'>by</span> <span class='ocrx_word' id='word_1_272' title='bbox 1097 3770 1144 3825; x_wconf 90' lang='lat' dir='ltr'>the</span> <span class='ocrx_word' id='word_1_273' title='bbox 1156 3769 1296 3839; x_wconf 84' lang='lat' dir='ltr'>following</span> <span class='ocrx_word' id='word_1_274' title='bbox 1304 3772 1470 3826; x_wconf 88' lang='lat' dir='ltr'>marvellous</span> <span class='ocrx_word' id='word_1_275' title='bbox 1484 3791 1509 3842; x_wconf 73' lang='lat' dir='ltr'>pi</span> 
     </span>
     <span class='ocr_line' id='line_1_34' title="bbox 397 3847 1509 3924; baseline 0.007 -23"><span class='ocrx_word' id='word_1_276' title='bbox 397 3865 464 3918; x_wconf 87' lang='lat' dir='ltr'>sage</span> <span class='ocrx_word' id='word_1_277' title='bbox 476 3847 505 3902; x_wconf 89' lang='lat' dir='ltr'>in</span> <span class='ocrx_word' id='word_1_278' title='bbox 519 3849 567 3904; x_wconf 87' lang='lat' dir='ltr'>the</span> <span class='ocrx_word' id='word_1_279' title='bbox 580 3849 707 3904; x_wconf 87' lang='lat' dir='ltr'>Historia</span> <span class='ocrx_word' id='word_1_280' title='bbox 719 3851 808 3906; x_wconf 90' lang='lat' dir='ltr'>Densi</span> <span class='ocrx_word' id='word_1_281' title='bbox 818 3862 844 3906; x_wconf 89' lang='lat' dir='ltr'>et</span> <span class='ocrx_word' id='word_1_282' title='bbox 856 3851 923 3906; x_wconf 89' lang='lat' dir='ltr'>Rari</span> <span class='ocrx_word' id='word_1_283' title='bbox 936 3853 980 3919; x_wconf 84' lang='lat' dir='ltr'>(E.</span> <span class='ocrx_word' id='word_1_284' title='bbox 990 3853 1046 3907; x_wconf 91' lang='lat' dir='ltr'>and</span> <span class='ocrx_word' id='word_1_285' title='bbox 1057 3854 1096 3918; x_wconf 90' lang='lat' dir='ltr'>S.,</span> <span class='ocrx_word' id='word_1_286' title='bbox 1106 3854 1160 3907; x_wconf 93' lang='lat' dir='ltr'>vol.</span> <span class='ocrx_word' id='word_1_287' title='bbox 1171 3852 1198 3907; x_wconf 91' lang='lat' dir='ltr'>ii.</span> <span class='ocrx_word' id='word_1_288' title='bbox 1209 3869 1236 3924; x_wconf 90' lang='lat' dir='ltr'>p.</span> <span class='ocrx_word' id='word_1_289' title='bbox 1244 3853 1308 3922; x_wconf 78' lang='lat'>293)</span> <span class='ocrx_word' id='word_1_290' title='bbox 1321 3870 1328 3908; x_wconf 91' lang='lat'><strong>:</strong></span> <span class='ocrx_word' id='word_1_291' title='bbox 1348 3854 1509 3910; x_wconf 82' lang='lat' dir='ltr'>‘Existimat</span> 
     </span>
     <span class='ocr_line' id='line_1_35' title="bbox 397 3931 1508 4006; baseline 0.007 -20"><span class='ocrx_word' id='word_1_292' title='bbox 397 3931 475 4002; x_wconf 86' lang='lat' dir='ltr'>origo</span> <span class='ocrx_word' id='word_1_293' title='bbox 486 3931 605 3987; x_wconf 87' lang='lat' dir='ltr'>fontium</span> <span class='ocrx_word' id='word_1_294' title='bbox 618 3942 645 3987; x_wconf 91' lang='lat' dir='ltr'>et</span> <span class='ocrx_word' id='word_1_295' title='bbox 659 3951 794 4003; x_wconf 86' lang='lat' dir='ltr'>aquarum</span> <span class='ocrx_word' id='word_1_296' title='bbox 808 3934 938 4002; x_wconf 89' lang='lat' dir='ltr'>dulcium,</span> <span class='ocrx_word' id='word_1_297' title='bbox 952 3951 1023 4006; x_wconf 89' lang='lat' dir='ltr'>quae</span> <span class='ocrx_word' id='word_1_298' title='bbox 1038 3953 1072 3991; x_wconf 87' lang='lat' dir='ltr'>ex</span> <span class='ocrx_word' id='word_1_299' title='bbox 1089 3945 1162 3992; x_wconf 86' lang='lat' dir='ltr'>terra</span> <span class='ocrx_word' id='word_1_300' title='bbox 1179 3935 1342 4005; x_wconf 87' lang='lat' dir='ltr'>scaturiunt,</span> <span class='ocrx_word' id='word_1_301' title='bbox 1360 3937 1417 3992; x_wconf 85' lang='lat' dir='ltr'>fieri</span> <span class='ocrx_word' id='word_1_302' title='bbox 1432 3956 1465 3992; x_wconf 89' lang='lat' dir='ltr'>ex</span> <span class='ocrx_word' id='word_1_303' title='bbox 1482 3957 1508 3994; x_wconf 78' lang='lat' dir='ltr'>ac</span> 
     </span>
     <span class='ocr_line' id='line_1_36' title="bbox 397 4015 1508 4088; baseline 0.005 -18"><span class='ocrx_word' id='word_1_304' title='bbox 397 4015 530 4070; x_wconf 89' lang='lat' dir='ltr'>concluso</span> <span class='ocrx_word' id='word_1_305' title='bbox 542 4015 571 4068; x_wconf 92' lang='lat' dir='ltr'>in</span> <span class='ocrx_word' id='word_1_306' title='bbox 589 4015 666 4070; x_wconf 91' lang='lat' dir='ltr'>cavis</span> <span class='ocrx_word' id='word_1_307' title='bbox 683 4025 772 4072; x_wconf 91' lang='lat' dir='ltr'>terrae</span> <span class='ocrx_word' id='word_1_308' title='bbox 791 4017 965 4088; x_wconf 87' lang='lat' dir='ltr'>(praesertim</span> <span class='ocrx_word' id='word_1_309' title='bbox 983 4017 1131 4087; x_wconf 90' lang='lat' dir='ltr'>montium)</span> <span class='ocrx_word' id='word_1_310' title='bbox 1148 4021 1295 4088; x_wconf 88' lang='lat' dir='ltr'>coagulato</span> <span class='ocrx_word' id='word_1_311' title='bbox 1313 4030 1340 4074; x_wconf 90' lang='lat' dir='ltr'>et</span> <span class='ocrx_word' id='word_1_312' title='bbox 1359 4021 1508 4076; x_wconf 82' lang='lat' dir='ltr'>condensat</span> 
     </span>
     <span class='ocr_line' id='line_1_37' title="bbox 399 4095 1508 4172; baseline 0.002 -18"><span class='ocrx_word' id='word_1_313' title='bbox 399 4099 450 4168; x_wconf 89' lang='lat' dir='ltr'>Cp.</span> <span class='ocrx_word' id='word_1_314' title='bbox 463 4095 548 4152; x_wconf 82' lang='lat' dir='ltr'>Arist.</span> <span class='ocrx_word' id='word_1_315' title='bbox 563 4099 789 4170; x_wconf 86' lang='lat' dir='ltr'>Meteorologica,</span> <span class='ocrx_word' id='word_1_316' title='bbox 801 4100 817 4154; x_wconf 92' lang='lat' dir='ltr'>i.</span> <span class='ocrx_word' id='word_1_317' title='bbox 830 4115 861 4169; x_wconf 86' lang='lat'>13</span> <span class='ocrx_word' id='word_1_318' title='bbox 873 4101 911 4170; x_wconf 82' lang='lat' dir='ltr'>(p.</span> <span class='ocrx_word' id='word_1_319' title='bbox 922 4114 974 4169; x_wconf 82' lang='lat'>349</span> <span class='ocrx_word' id='word_1_320' title='bbox 984 4102 1010 4155; x_wconf 94' lang='lat' dir='ltr'>b.</span> <span class='ocrx_word' id='word_1_321' title='bbox 1023 4115 1063 4170; x_wconf 87' lang='lat'>19,</span> <span class='ocrx_word' id='word_1_322' title='bbox 1073 4101 1153 4168; x_wconf 80' lang='lat' dir='ltr'>&amp;c.);</span> <span class='ocrx_word' id='word_1_323' title='bbox 1175 4103 1292 4169; x_wconf 88' lang='lat' dir='ltr'>Seneca,</span> <span class='ocrx_word' id='word_1_324' title='bbox 1303 4104 1371 4158; x_wconf 92' lang='lat' dir='ltr'>Nat.</span> <span class='ocrx_word' id='word_1_325' title='bbox 1382 4104 1508 4172; x_wconf 82' lang='lat' dir='ltr'>Quaest:</span> 
     </span>
     <span class='ocr_line' id='line_1_38' title="bbox 398 4181 1508 4256; baseline 0.006 -21"><span class='ocrx_word' id='word_1_326' title='bbox 398 4195 423 4250; x_wconf 92' lang='lat'>9,</span> <span class='ocrx_word' id='word_1_327' title='bbox 440 4195 479 4235; x_wconf 81' lang='grc' dir='ltr'>ιο.</span> <span class='ocrx_word' id='word_1_328' title='bbox 517 4181 642 4236; x_wconf 88' lang='lat' dir='ltr'>Granted</span> <span class='ocrx_word' id='word_1_329' title='bbox 656 4181 703 4236; x_wconf 90' lang='lat' dir='ltr'>the</span> <span class='ocrx_word' id='word_1_330' title='bbox 716 4183 842 4238; x_wconf 88' lang='lat' dir='ltr'>doctrine</span> <span class='ocrx_word' id='word_1_331' title='bbox 854 4184 886 4237; x_wconf 94' lang='lat' dir='ltr'>of</span> <span class='ocrx_word' id='word_1_332' title='bbox 898 4185 945 4238; x_wconf 90' lang='lat' dir='ltr'>the</span> <span class='ocrx_word' id='word_1_333' title='bbox 963 4185 1200 4254; x_wconf 87' lang='lat' dir='ltr'>transmutability</span> <span class='ocrx_word' id='word_1_334' title='bbox 1212 4185 1245 4240; x_wconf 91' lang='lat' dir='ltr'>of</span> <span class='ocrx_word' id='word_1_335' title='bbox 1256 4186 1304 4241; x_wconf 90' lang='lat' dir='ltr'>the</span> <span class='ocrx_word' id='word_1_336' title='bbox 1321 4188 1469 4256; x_wconf 87' lang='lat' dir='ltr'>elements;</span> <span class='ocrx_word' id='word_1_337' title='bbox 1489 4189 1508 4242; x_wconf 88' lang='lat' dir='ltr'>tl</span> 
     </span>
     <span class='ocr_line' id='line_1_39' title="bbox 396 4263 970 4335; baseline 0.002 -16"><span class='ocrx_word' id='word_1_338' title='bbox 396 4263 501 4319; x_wconf 89' lang='lat' dir='ltr'>absurd</span> <span class='ocrx_word' id='word_1_339' title='bbox 514 4265 612 4333; x_wconf 86' lang='lat' dir='ltr'>theory</span> <span class='ocrx_word' id='word_1_340' title='bbox 625 4281 716 4319; x_wconf 91' lang='lat' dir='ltr'>seems</span> <span class='ocrx_word' id='word_1_341' title='bbox 728 4266 837 4320; x_wconf 88' lang='lat' dir='ltr'>natural</span> <span class='ocrx_word' id='word_1_342' title='bbox 850 4267 970 4335; x_wconf 87' lang='lat' dir='ltr'>enough.</span> 
     </span>
    </p>

    <p class='ocr_par' dir='ltr' id='par_1_6' title="bbox 397 4343 1499 4505">
     <span class='ocr_line' id='line_1_40' title="bbox 433 4343 1499 4424; baseline 0.009 -26"><span class='ocrx_word' id='word_1_343' title='bbox 433 4343 455 4375; x_wconf 85' lang='lat'>¹⁴</span> <span class='ocrx_word' id='word_1_344' title='bbox 473 4347 535 4400; x_wconf 93' lang='lat' dir='ltr'>The</span> <span class='ocrx_word' id='word_1_345' title='bbox 548 4348 647 4402; x_wconf 89' lang='lat' dir='ltr'>reader</span> <span class='ocrx_word' id='word_1_346' title='bbox 659 4347 712 4402; x_wconf 89' lang='lat' dir='ltr'>will</span> <span class='ocrx_word' id='word_1_347' title='bbox 725 4347 783 4402; x_wconf 88' lang='lat' dir='ltr'>find</span> <span class='ocrx_word' id='word_1_348' title='bbox 798 4365 874 4404; x_wconf 87' lang='lat' dir='ltr'>some</span> <span class='ocrx_word' id='word_1_349' title='bbox 888 4366 954 4418; x_wconf 90' lang='lat' dir='ltr'>very</span> <span class='ocrx_word' id='word_1_350' title='bbox 967 4349 1077 4404; x_wconf 91' lang='lat' dir='ltr'>curious</span> <span class='ocrx_word' id='word_1_351' title='bbox 1090 4351 1215 4406; x_wconf 85' lang='lat' dir='ltr'>remarks</span> <span class='ocrx_word' id='word_1_352' title='bbox 1228 4368 1264 4406; x_wconf 93' lang='lat' dir='ltr'>on</span> <span class='ocrx_word' id='word_1_353' title='bbox 1282 4351 1362 4410; x_wconf 83' lang='lat' dir='ltr'>these</span> <span class='ocrx_word' id='word_1_354' title='bbox 1378 4351 1499 4424; x_wconf 88' lang='lat' dir='ltr'>subjects</span> 
     </span>
     <span class='ocr_line' id='line_1_41' title="bbox 397 4425 1307 4505; baseline 0.009 -23"><span class='ocrx_word' id='word_1_355' title='bbox 397 4425 444 4484; x_wconf 89' lang='lat' dir='ltr'>the</span> <span class='ocrx_word' id='word_1_356' title='bbox 458 4427 586 4484; x_wconf 90' lang='lat' dir='ltr'>Historia</span> <span class='ocrx_word' id='word_1_357' title='bbox 598 4429 680 4486; x_wconf 87' lang='lat' dir='ltr'>Vitae</span> <span class='ocrx_word' id='word_1_358' title='bbox 693 4441 720 4486; x_wconf 92' lang='lat' dir='ltr'>et</span> <span class='ocrx_word' id='word_1_359' title='bbox 735 4431 844 4499; x_wconf 90' lang='lat' dir='ltr'>Mortis,</span> <span class='ocrx_word' id='word_1_360' title='bbox 859 4433 892 4487; x_wconf 88' lang='lat' dir='ltr'>E.</span> <span class='ocrx_word' id='word_1_361' title='bbox 905 4433 960 4488; x_wconf 92' lang='lat' dir='ltr'>and</span> <span class='ocrx_word' id='word_1_362' title='bbox 974 4435 1012 4500; x_wconf 90' lang='lat' dir='ltr'>S.,</span> <span class='ocrx_word' id='word_1_363' title='bbox 1026 4433 1079 4488; x_wconf 93' lang='lat' dir='ltr'>vol.</span> <span class='ocrx_word' id='word_1_364' title='bbox 1092 4431 1119 4490; x_wconf 89' lang='lat' dir='ltr'>ii.</span> <span class='ocrx_word' id='word_1_365' title='bbox 1133 4450 1180 4505; x_wconf 91' lang='lat' dir='ltr'>pp.</span> <span class='ocrx_word' id='word_1_366' title='bbox 1196 4435 1307 4502; x_wconf 89' lang='lat'>161-71.</span> 
     </span>
    </p>
   </div>
   <div class='ocr_carea' id='block_1_4' title="bbox 0 0 1633 5138">
    <p class='ocr_par' dir='ltr' id='par_1_7' title="bbox 0 0 1633 5138">
     <span class='ocr_line' id='line_1_42' title="bbox 0 0 1633 5138; baseline 0 0"><span class='ocrx_word' id='word_1_367' title='bbox 0 0 1633 5138; x_wconf 95' lang='lat' dir='ltr'> </span> 
     </span>
    </p>
   </div>
  </div>
 </body>
</html>
