3250 5138
285 367 350 453 536
667 367 823 426 ntorum
842 361 1060 426 orcarum.

286 557 482 621 compressa,
497 555 539 600 ne
558 546 749 618 sequeretur
763 535 947 618 penetratio
963 531 1222 605 dimersionem·
1247 531 1324 595 ideo
1344 526 1452 592 resili-

286 655 357 707 rent
379 652 413 706 et
432 639 665 706 contraherent
688 661 723 703 se
745 659 882 722 corpora
903 649 1004 713 tensa,
1023 658 1065 701 ne
1084 645 1277 718 sequeretur
1292 651 1452 697 vacuum.

287 745 394 828 Atqui
410 747 436 810 si
453 753 509 810 aer
520 763 729 828 compressus
743 763 779 807 se
789 741 888 805 vellet
905 743 1046 824 recipere
1062 741 1094 804 in
1107 741 1307 804 densitatem
1325 757 1455 820 aquae,

286 860 345 914 aut
357 849 481 932 lignum
499 849 530 912 in
546 849 742 911 densitatem
760 847 887 930 lapidis,
899 845 944 909 nil
959 865 1044 928 opus
1059 844 1143 908 soret
1150 845 1385 926 penetratione
1400 839 1455 902 di·

287 955 507 1024 mensionum·
527 962 559 1016 et
574 951 784 1015 nihilominus
800 949 899 1033 longe
914 950 1019 1030 major
1029 959 1140 1033 posset
1152 969 1224 1012 esse
1239 945 1457 1030 compressio

286 1055 426 1129 illorum,
442 1077 541 1138 quam
559 1053 614 1118 illa
632 1053 699 1118 ullo
716 1055 818 1118 modo
834 1055 1009 1136 patiuntur.
1048 1052 1178 1116 Eodem
1196 1053 1296 1116 modo
1311 1052 1341 1115 si
1359 1067 1457 1131 aqua

286 1183 322 1226 se
337 1160 474 1224 dilatare
489 1159 588 1223 vellet
604 1161 637 1221 in
653 1160 822 1223 raritatem
838 1159 931 1223 aeris.
944 1167 1003 1222 aut
1016 1155 1102 1240 lapis
1117 1158 1149 1221 in
1166 1158 1337 1220 raritatem
1357 1153 1457 1236 ligni,

287 1285 354 1328 non
375 1283 460 1348 opus
480 1262 565 1326 soret
584 1281 702 1334 vacum·
726 1269 760 1324 et
780 1270 893 1324 tamen
915 1261 1011 1344 louge
1031 1259 1138 1343 major
1156 1271 1267 1343 posset
1287 1259 1361 1321 fieri
1388 1277 1454 1319 ex-

286 1368 395 1432 tensio
421 1387 544 1438 comm,
568 1385 667 1449 quam
695 1365 751 1428 illa
777 1364 846 1428 ullo
878 1367 978 1428 modo
1004 1366 1184 1449 patiuntur.
1231 1365 1351 1445 ltaque
1380 1381 1455 1423 non

288 1473 454 1536 reducitur
469 1491 519 1534 res
535 1470 577 1532 ad
591 1470 847 1549 penetrationem
861 1467 1098 1532 dimensionum
1113 1476 1146 1532 et
1163 1487 1308 1538 uacuum,
1325 1467 1394 1529 nisi
1419 1465 1454 1526 in

290 1575 524 1640 ultimitatibus
546 1573 812 1638 condensationis
835 1583 870 1636 et
893 1573 1136 1649 rarefactionis3
1158 1591 1234 1636 cum
1255 1581 1370 1634 tamen
1395 1569 1455 1632 isti

290 1689 400 1743 motus
423 1677 521 1759 longe
544 1678 626 1742 eitra
649 1697 706 1740 eas
732 1675 851 1741 sistant
873 1687 908 1741 et
930 1687 1105 1751 versentur,
1129 1696 1235 1758 neque
1258 1674 1349 1737 aliud
1378 1675 1454 1735 sint

288 1802 390 1865 quam
410 1781 573 1844 desideria
593 1800 769 1862 corporum
792 1781 1007 1844 conservandi
1027 1801 1062 1843 se
1083 1781 1115 1844 in
1135 1779 1355 1844 consistentiis
1377 1777 1453 1839 suis

288 1883 379 1969 (sive,
395 1885 422 1947 si
439 1883 564 1962 malint,
580 1885 612 1946 in
630 1883 744 1947 formis
765 1881 854 1968 suis),
871 1903 930 1948 nec
945 1885 987 1948 ab
1004 1885 1042 1948 iis
1057 1885 1230 1948 recedendi
1245 1884 1365 1960 subito,
1383 1881 1450 1944 nisi

290 2009 349 2072 per
372 1988 491 2052 modos
514 2007 632 2052 suaves
658 2006 697 2051 ac
721 2008 781 2070 per
807 2007 1003 2052 consensum
1035 1989 1223 2052 atterentur.
1268 1987 1319 2050 At
1343 1986 1451 2068 longe

291 2091 396 2173 magis
418 2091 635 2154 necessarium
654 2102 703 2155 est
720 2087 811 2175 (quia
830 2091 934 2156 multa
954 2113 1065 2156 secum
1080 2091 1204 2174 trahit),
1220 2101 1256 2154 ut
1272 2092 1452 2155 intimetur

290 2195 488 2272 hominibus,
508 2205 635 2258 motum
655 2194 834 2258 violentum
854 2195 966 2280 (quem
988 2215 1049 2260 nos
1072 2195 1299 2272 mechanicum,
1316 2196 1449 2259 Demo·

290 2299 401 2374 critus,
415 2299 470 2380 qui
492 2299 523 2361 in
540 2298 686 2362 motibus
706 2301 774 2362 suis
794 2299 910 2382 primis
928 2300 1142 2383 expediendis
1159 2301 1260 2363 etiam
1276 2299 1356 2362 infra
1372 2318 1448 2361 me·

290 2404 418 2468 diocres
434 2400 652 2484 philosophos
667 2405 840 2483 ponendus
859 2415 916 2479 est,
933 2413 1060 2466 motum
1072 2403 1223 2484 plagaell
1238 2399 1382 2486 vocavit)
1399 2400 1446 2462 nil

290 2507 380 2570 aliud
396 2527 467 2570 esse
483 2526 583 2587 quam
605 2505 737 2569 Motum
755 2506 941 2580 Libertatis,
957 2507 1083 2571 scilicet
1099 2528 1119 2570 a
1138 2508 1383 2589 compressione
1402 2507 1448 2568 ad

292 2611 543 2674 relaxationem.
590 2609 723 2673 Etenim
745 2611 779 2673 in
798 2611 887 2674 omni
906 2613 976 2674 sive
995 2611 1134 2694 simplici
1153 2613 1361 2694 protrusione
1376 2611 1449 2673 sive

290 2714 405 2778 volatu
423 2734 482 2796 per
496 2721 615 2786 aerem,
631 2734 698 2776 non
714 2713 750 2777 fit
766 2716 946 2779 summotio
963 2725 1021 2778 aut
1038 2715 1117 2778 latio
1132 2713 1254 2792 localis,
1266 2725 1447 2796 antequam

292 2828 402 2901 partes
424 2818 571 2900 corporis
587 2820 926 2900 praeter-naturaliter
945 2819 1114 2901 patiantur
1132 2830 1165 2883 et
1185 2819 1448 2902 comprimantur

291 2922 335 2984 ab
352 2921 551 3004 impellente.
585 2922 674 2984 Tum
689 2942 768 2985 vero
783 2922 932 3004 partibus
947 2923 1021 2985 aliis
1036 2922 1117 2986 alias
1133 2943 1191 3004 per
1206 2923 1448 2986 successionem

291 3027 509 3102 trudentibus‚
538 3025 641 3088 fertur
671 3026 835 3101 totum⁰⁷;
873 3046 933 3089 nec
963 3027 1069 3090 solum
1101 3027 1354 3110 progrediendo,
1384 3027 1445 3088 sed

293 3131 394 3194 etiam
414 3131 558 3193 rotando
581 3127 698 3204 simul;
726 3140 762 3192 ut
783 3131 883 3193 etiam
904 3130 967 3195 hoc
992 3130 1094 3194 modo
1112 3141 1222 3213 partes
1243 3150 1278 3193 se
1298 3129 1448 3202 liberare,

293 3243 350 3298 aut
378 3235 483 3315 magis
509 3253 552 3297 ex
577 3254 684 3315 aequo
710 3234 850 3297 tolerare
873 3235 1009 3316 possint.
1054 3233 1171 3316 Atque
1196 3235 1325 3298 dehoc
1352 3245 1448 3298 motu

293 3337 462 3400 hactenus.
1126 3347 1129 3354 '

338 3434 386 3524 (4)
411 3439 463 3502 Sit
487 3439 600 3502 Motus
624 3439 779 3522 Quartus,
803 3451 914 3505 motus
940 3439 991 3505 cui
1016 3461 1137 3505 nomen
1159 3442 1311 3506 dedimus
1335 3441 1451 3505 Motus

295 3540 451 3624 Hyles⁶⁸:
482 3543 539 3625 qui
570 3553 680 3606 motus
710 3547 935 3629 antistrophus
968 3555 1018 3610 est
1048 3548 1298 3628 quodammodo
1330 3545 1451 3620 Motui‚

294 3649 336 3709 de
371 3666 438 3729 quo
472 3646 627 3725 diximus,
659 3648 849 3714 Libertatis.
904 3651 1037 3713 Etenim
1069 3651 1101 3713 in
1134 3651 1230 3714 Motu
1260 3650 1451 3724 Libertatis,

328 3865 353 3897 '⁸
372 3869 425 3924 See
439 3878 504 3923 note
520 3880 553 3937 59
566 3887 602 3924 on
616 3871 690 3938 Aph.
704 3881 746 3938 35.
786 3872 811 3924 lt
824 3869 848 3924 is
862 3871 972 3926 curious
990 3881 1020 3926 to
1038 3871 1096 3926 find
1110 3873 1205 3926 Bacon
1222 3871 1251 3926 in
1270 3872 1317 3926 the
1336 3883 1452 3942 present

295 3968 416 4021 passage
428 3953 620 4022 depreciating
631 3953 818 4022 Democritus,
829 3956 921 4009 whom
935 3956 970 4010 he
983 3956 1092 4025 usually
1104 3966 1180 4010 rates
1192 3973 1224 4010 so
1236 3955 1341 4026 highly.

331 4031 352 4063 ⁶⁷
372 4036 422 4104 Cp.
438 4036 513 4105 Aph.
524 4038 559 4104 36
573 4037 621 4105 (6),
633 4038 724 4092 where
738 4038 773 4093 he
786 4037 888 4109 adopts
900 4041 948 4094 the
962 4057 1039 4094 same
1051 4039 1229 4109 explanation
1242 4041 1274 4094 ol
1283 4041 1330 4096 the
1343 4037 1451 4094 motion

295 4117 327 4172 os
336 4118 504 4187 projectiles,
518 4120 626 4174 ‘motus
638 4121 802 4176 missilium!

332 4198 355 4229 ‘⁸
375 4201 418 4269 By
427 4201 482 4255 this
493 4202 609 4257 ‘motus’
621 4203 645 4258 is
658 4217 753 4259 meant
763 4207 810 4260 the
821 4206 960 4275 tendency
970 4206 1001 4260 ol
1010 4217 1112 4262 matter
1124 4217 1152 4261 to
1165 4223 1278 4262 assume
1291 4207 1347 4261 and
1360 4207 1450 4262 retain

295 4299 313 4337 a
332 4299 392 4336 new
410 4283 490 4351 form,
510 4286 548 4353 by
566 4302 663 4342 means
682 4288 713 4341 of
728 4289 881 4358 expansion
900 4307 932 4342 or
956 4289 1137 4357 contraction,
1163 4289 1191 4344 in
1212 4300 1337 4346 contrast
1360 4301 1390 4344 to
1416 4283 1451 4344 its

295 4366 444 4435 tendency,
457 4385 488 4420 as
507 4368 619 4422 noticed
639 4369 667 4424 in
687 4372 734 4425 the
754 4374 807 4427 last
829 4372 945 4440 semion,
964 4384 993 4427 to
1013 4384 1110 4442 revert,
1130 4374 1202 4429 aiter
1220 4391 1275 4444 any
1291 4384 1452 4446 temporary

295 4449 413 4518 change,
427 4461 456 4504 to
469 4449 504 4506 its
517 4450 633 4520 original
647 4452 726 4508 form.
