3344 5152
698 433 779 491 arn.
803 435 829 492 r.
853 427 903 506 ⁶4
1307 437 1369 511 245

217 601 307 683 quod
331 598 364 664 in
387 599 478 664 libris
502 598 573 682 ejus
591 599 643 664 De
663 595 871 677 animalibus,
886 609 920 664 et
943 599 976 664 in
995 599 1264 678 Problematibns,
1280 611 1314 665 et
1337 602 1369 665 in

217 703 289 768 aliis
318 706 385 770 suis
412 705 619 780 tractatibus,
644 705 786 769 versatio
812 705 966 787 frequens
992 705 1034 768 sit
1064 704 1096 767 in
1123 704 1369 788 experimentis.

217 807 279 873 Ille
294 810 383 872 enirn
399 809 489 893 prius
500 809 700 885 decreverat,
712 829 819 891 neque
831 809 1070 891 experientiam
1082 809 1125 873 ad
1139 810 1369 874 constituenda

216 913 349 978 decreta
365 921 398 977 et
413 914 585 978 axiomata
601 914 661 977 rite
677 905 862 988 consuluit;
885 914 945 977 sed
961 923 1140 996 postquam
1156 932 1218 994 pro
1234 913 1369 978 arbitrio

215 1035 276 1080 suo
299 1017 508 1094 decrevisset,
528 1017 768 1101 experientiam
792 1018 835 1081 ad
858 1031 917 1080 sua
939 1015 1060 1099 placita
1083 1025 1206 1080 tortam
1229 1017 1367 1080 circum·

216 1120 306 1186 ducit
331 1129 364 1185 et
388 1123 572 1204 captivam3
604 1131 642 1186 ut
665 1120 728 1186 hoc
755 1123 856 1186 etiam
883 1122 1015 1185 nomine
1038 1120 1143 1202 magis
1164 1122 1370 1186 accusandus

215 1225 268 1301 sit,
292 1242 392 1307 quam
423 1235 603 1290 sectatores
629 1226 700 1308 ejus
727 1225 878 1290 moderni
905 1223 1191 1310 (scholasticorum
1221 1225 1367 1307 philoso-

216 1327 357 1412 phorum
373 1349 490 1412 genum
506 1329 562 1412 qui
579 1329 819 1412 experientiam
834 1329 970 1394 omnino
985 1327 1199 1394 deseruerunt
1208 1330 1244 1392 ³³.

728 1501 854 1566 LXIV.

258 1647 309 1713 At
325 1648 554 1733 philosophiae
567 1668 671 1733 genus
686 1649 875 1732 empiricam
896 1647 1018 1732 placita
1035 1647 1141 1732 magis
1156 1647 1318 1714 deformia
1333 1659 1366 1714 et

216 1764 403 1818 monstrosa
440 1754 560 1830 educit,
590 1773 691 1834 quam
724 1751 930 1836 sophisticum
960 1763 1019 1817 aut
1048 1751 1206 1816 rationale
1242 1773 1367 1836 genus3

215 1858 292 1940 quia
312 1877 378 1921 non
402 1858 434 1920 in
455 1857 528 1921 luce
549 1858 724 1921 notionum
740 1857 924 1940 vulgarium
940 1855 1039 1942 (quae
1056 1856 1132 1922 licet
1152 1857 1260 1921 tenuis
1274 1857 1317 1921 sit
1332 1868 1366 1921 et

214 1958 438 2044 superficialis,
453 1972 565 2026 tamen
585 1971 635 2026 est
655 1962 903 2044 quodammodo
925 1961 1127 2036 universalis,
1141 1969 1175 2025 et
1196 1961 1238 2024 ad
1261 1959 1367 2025 multa

214 2063 396 2151 pertinens)
426 2065 484 2129 sed
515 2067 547 2128 in
583 2087 763 2149 paucorum
801 2066 1107 2147 experimentorum
1144 2065 1303 2148 angustiis
1333 2077 1365 2129 et

216 2170 418 2235 obscuritate
439 2171 614 2234 fundatum
636 2181 697 2235 est.
743 2169 862 2253 Itaque
884 2169 960 2235 talis
984 2167 1195 2253 philosophia
1216 2169 1288 2246 illis,
1308 2171 1365 2252 qui

213 2275 246 2338 in
268 2273 460 2356 hujusmodi
483 2275 718 2357 experimentis
740 2275 890 2356 quotidie
904 2285 1076 2338 versantur
1098 2281 1199 2355 atque
1221 2294 1265 2337 ex
1288 2273 1367 2357 ipsis

214 2377 425 2461 phantasiam
449 2379 724 2454 contaminarunt,
740 2378 921 2462 probabilis
940 2379 1070 2442 videtur
1090 2387 1124 2442 et
1143 2377 1236 2459 quasi
1257 2386 1365 2453 certa3

217 2483 365 2558 caeteris,
382 2482 580 2548 incredibilis
596 2493 629 2547 et
644 2503 739 2546 vana.
779 2481 882 2566 Cujus
897 2481 1088 2564 exemplum
1104 2481 1252 2544 notabile
1266 2492 1316 2545 est
1333 2484 1364 2545 in

212 2703 317 2776 λέγεται
334 2701 393 2775 μήτ’
410 2704 440 2759 ἐν
460 2705 617 2777 ὑποκειμένῳ
637 2706 688 2760 τινί
708 2705 790 2774 ἰοπιν,
809 2701 865 2760 οἷον
886 2705 901 2758 δ
921 2705 960 2760 ris
978 2702 1114 2774 ἅνθρωπος
1136 2701 1152 2772 ἦ
1177 2703 1192 2756 ὅ
1215 2703 1255 2759 ris
1277 2701 1364 2759 innoc.

113 2787 120 2808 ¹
213 2785 336 2859 Διῦπιραι
353 2788 382 2842 δι’
401 2787 487 2843 οὐσίαι
499 2788 630 2859 λίγοντιιι,
642 2789 671 2844 ἐν
690 2785 729 2846 oie
745 2787 843 2844 sidente
860 2789 887 2844 ui
904 2789 1012 2857 πρώτοις
1029 2787 1115 2840 οὐσίαι
1127 2787 1263 2858 λεγόμεναι
1282 2786 1364 2856 ὑπάρ-

212 2892 301 2942 χουσι,
313 2871 394 2926 ποῦπᾶ
411 2892 439 2924 τε
456 2872 497 2926 rrnl
514 2872 546 2926 τὰ
564 2877 617 2926 τόν
632 2872 707 2928 εἰδῶν
718 2871 817 2927 τούτων
828 2871 898 2943 γένη,
912 2867 968 2925 οἶον
980 2871 995 2924 δ
1007 2872 1046 2926 ris
1058 2869 1192 2939 ἅνθρωποι
1204 2869 1232 2924 ἒν
1244 2869 1306 2924 εἴδει
1317 2871 1365 2939 μὲν

212 2953 322 3024 ιἰπιίρχιι
339 2954 376 3025 τῷ
393 2953 528 3028 ἀνθρώπῳ,
545 2956 620 3027 γένος
640 2956 669 3010 δὲ
690 2959 736 3010 τοῦ
754 2954 838 3012 εἴδους
856 2954 914 3010 ι’σπὶ
931 2955 962 3010 ιδ
980 2953 1053 3025 ζῷον·
1090 2950 1205 3024 δεῦιιριιι
1227 2950 1272 3006 οὖν
1289 2951 1364 3008 οὗτοι

211 3035 332 3108 λέγονται
350 3038 446 3106 οὐσίαι,
460 3033 516 3092 οἷον
528 3037 542 3091 δ
554 3060 583 3093 πε
599 3038 735 3109 ἅνθρωποι
749 3040 790 3094 καὶ
806 3040 837 3093 τὸ
854 3039 927 3110 ξῷον.
939 3075 948 3091 .
961 3075 969 3091 .
983 3075 990 3090 .
1002 3039 1060 3090 Τῶν
1078 3033 1107 3090 δὲ
1125 3035 1251 3105 διοτίροιν
1268 3036 1365 3091 οὐσιῶν

211 3121 314 3189 μᾶλλον
322 3119 398 3174 eduin
410 3121 440 3175 πδ
453 3116 522 3177 (ἴδοι
533 3125 579 3176 τοῦ
590 3120 689 3193 yiuovs·
708 3123 797 3194 ἔγγιον
808 3124 859 3193 ydp
868 3121 915 3190 τῆς
925 3121 1028 3190 πρώτης
1037 3119 1128 3174 οὐσίας
1136 3115 1218 3174 ἐστίν.
1238 3119 1289 3190 Cp.
1298 3136 1326 3189 p.
1336 3133 1362 3188 3,

212 3205 239 3259 b.
251 3218 345 3273 10—23.
376 3207 464 3260 Some
472 3205 621 3275 suspicion,
632 3206 770 3273 however,
779 3205 907 3261 attaches
916 3213 946 3259 to
955 3204 1003 3258 the
1012 3202 1200 3273 genuineness
1209 3201 1242 3257 oi
1250 3202 1298 3257 the
1308 3212 1362 3258 two

211 3287 271 3342 first
284 3287 412 3342 treatises
425 3287 555 3344 included
569 3289 596 3343 in
612 3290 661 3344 the
674 3291 817 3358 Organon.
855 3288 926 3356 Still,
939 3285 1157 3356 independently
1167 3285 1199 3340 oi
1214 3286 1263 3340 the
1278 3285 1363 3342 Cate-

211 3371 312 3440 geries,
324 3371 372 3426 the
386 3371 502 3427 balance
518 3372 551 3426 oi
564 3373 700 3428 evidence
717 3372 741 3428 is
759 3372 788 3426 in
802 3372 901 3426 favour
912 3371 943 3426 of
952 3369 1070 3439 ranking
1086 3368 1220 3423 Aristotle
1231 3379 1362 3438 amongst

211 3454 260 3509 the
277 3465 435 3524 opponente
452 3457 484 3510 ol
500 3456 549 3511 the
566 3454 707 3511 doctrines
725 3455 817 3510 which
835 3469 907 3510 were
926 3452 1125 3523 subsequently
1142 3451 1308 3521 designated
1330 3469 1362 3508 as

211 3537 334 3604 Realist3
353 3539 459 3608 though
472 3538 509 3594 he
521 3539 657 3609 certainly
669 3556 761 3594 seems
777 3549 807 3594 to
821 3538 893 3594 have
909 3538 974 3592 held
987 3537 1035 3591 the
1047 3534 1175 3590 doctrine
1189 3536 1220 3589 ol
1235 3536 1364 3591 absolute

211 3620 396 3688 differentiae,
405 3622 463 3676 and
478 3623 511 3676 ol
523 3640 541 3677 a
558 3623 632 3677 hxed
647 3623 704 3678 and
722 3621 837 3678 definite
850 3621 935 3677 series
951 3621 987 3684 oi
994 3619 1174 3675 subordinate
1188 3633 1293 3688 genera
1304 3619 1365 3674 and-

210 3703 319 3774 species
338 3703 513 3775 intervening
529 3707 656 3762 between
675 3706 723 3760 the
742 3722 853 3760 summa
868 3721 973 3774 genera
988 3703 1045 3758 and
1062 3703 1111 3757 the
1129 3694 1240 3757 infimae
1252 3701 1361 3772 species

211 3787 271 3857 (see
282 3787 433 3858 especially
445 3791 517 3860 Top.
530 3789 566 3844 iv.
578 3803 612 3857 ²3
633 3788 667 3844 iv.
681 3789 717 3858 6;
737 3789 846 3844 wichs.
860 3789 933 3843 2-6:
953 3787 1028 3842 Post.
1040 3787 1095 3842 An.
1109 3785 1137 3839 ii.
1154 3784 1207 3854 13).
1247 3787 1272 3840 lt
1285 3796 1361 3842 must

209 3869 246 3926 be
258 3871 460 3939 remembered,
471 3872 607 3939 however,
615 3873 676 3928 that
688 3873 738 3928 the
749 3872 857 3943 precise
865 3871 995 3943 question
1004 3869 1128 3938 agitated
1140 3870 1178 3940 by
1185 3869 1233 3924 the
1246 3869 1361 3924 School-

209 3971 275 4010 rnen
288 3953 345 4010 had
358 3966 407 4010 not
414 3957 486 4010 been
499 3956 592 4011 raised
602 3956 630 4010 in
640 3955 684 4010 his
694 3956 771 4012 time.
790 3957 837 4011 On
846 3956 894 4011 the
907 3954 1016 4024 subject
1025 3953 1057 4008 ol
1066 3952 1222 4008 Aristotle’s
1231 3952 1361 4021 opinions

210 4037 239 4092 in
251 4037 370 4093 relation
382 4049 411 4094 to
423 4039 479 4093 this
493 4048 681 4109 controversy,
690 4039 712 4095 it
725 4039 749 4094 is
762 4038 926 4109 impossible
939 4048 966 4093 to
979 4045 1058 4092 enter
1070 4036 1136 4090 here
1148 4044 1177 4090 at
1188 4051 1245 4105 any
1254 4036 1359 4104 length,

208 4121 259 4177 but
272 4122 319 4177 the
332 4122 444 4177 student
456 4139 522 4193 may
533 4123 601 4178 read
613 4122 678 4178 with
692 4123 850 4193 advantage
864 4121 1020 4177 Haureau's
1033 4117 1158 4174 Histoire
1170 4118 1206 4172 de
1221 4120 1248 4173 la
1267 4118 1359 4173 Philo·

208 4204 308 4274 sophie
330 4205 512 4276 Scolastique,
533 4206 577 4260 ch.
599 4217 624 4276 ς,
645 4206 704 4262 and
726 4205 905 4276 Ueberwegs
927 4204 1045 4272 History
1062 4203 1095 4257 ol
1112 4201 1293 4272 Philosophy,
1313 4202 1361 4256 On

208 4289 366 4344 Aristotle’s
380 4289 573 4360 Metaphysics
587 4289 787 4358 (Translation,
800 4289 854 4344 vol.
867 4289 885 4343 i.
897 4305 944 4360 pp.
960 4287 1067 4354 160-1).
1259 4357 1262 4364 Ι

243 4369 267 4404 ⁸³
285 4373 331 4428 On
348 4373 518 4444 experiment
535 4389 568 4428 as
582 4373 732 4444 employed
743 4373 802 4428 and
815 4371 987 4443 interpreted
1001 4371 1039 4440 by
1050 4367 1192 4435 Aristode,
1205 4366 1262 4422 and
1274 4380 1360 4437 gene·

208 4455 278 4527 rally
298 4473 336 4511 on
355 4457 403 4512 the
424 4473 540 4512 reasons
560 4456 593 4512 ol
608 4456 765 4513 Aristotle’s
787 4455 976 4528 comparative
995 4454 1092 4510 iailtue
1112 4451 1140 4508 in
1160 4451 1209 4508 the
1231 4450 1361 4523 Physica]

208 4538 350 4609 Scieuces,
362 4556 411 4598 see
425 4538 627 4605 Introduction,
640 4537 658 4612 ξ.
671 4548 712 4596 11.
