3344 5152
289 375 350 459 176
632 385 907 443 DISTRIBUTIO
932 385 1092 440 OPERIS.

284 562 370 617 sunt.
415 550 625 634 Nequehuic
643 552 746 616 labori
765 562 798 616 et
818 551 1020 634 inquisitioni
1039 571 1077 616 ac
1100 550 1286 615 mundanae
1306 572 1437 635 peram·
1637 501 1638 542 i

286 655 448 720 bulationi
477 655 545 720 ulla
572 656 693 738 ingenii
719 666 778 720 aut
808 655 1032 721 meditationis
1062 666 1118 720 aut
1144 656 1437 737 argumentationis

285 760 477 825 substitutio
504 770 561 824 aut
588 761 824 841 compensatio
841 760 989 824 sufficere
1015 770 1146 843 potest3
1180 779 1245 822 non
1271 759 1298 823 si
1326 759 1438 823 omnia

286 864 435 927 omnium
452 864 582 946 ingenia
600 863 745 928 coierint.
791 863 909 946 Itaque
928 873 985 928 aut
1004 863 1067 928 hoc
1088 885 1219 947 prorsus
1236 863 1437 935 habendum,
1637 933 1638 948 χ

286 979 343 1032 aut
376 969 545 1050 negotium
576 969 609 1031 in
639 978 835 1051 perpetuum
865 969 1093 1032 deserendum.
1153 968 1212 1031 Ad
1241 968 1329 1031 hunc
1358 987 1437 1030 vero

287 1093 389 1154 usque
411 1072 499 1137 diem
521 1073 568 1136 ita
588 1091 663 1136 cum
686 1072 874 1136 hominibus
895 1082 1006 1136 actum
1028 1082 1087 1147 est,
1104 1083 1139 1136 ut
1160 1071 1294 1134 minime
1318 1071 1436 1133 mirum

285 1177 329 1240 sit
345 1177 371 1238 si
388 1185 504 1240 natura
520 1176 570 1239 sui
585 1176 715 1257 copiam
732 1196 798 1239 non
815 1175 922 1240 iaciat.

329 1280 418 1343 Nam
435 1280 551 1363 primo,
567 1301 680 1344 sensus
697 1279 801 1363 ipsius
817 1279 1014 1357 informatio,
1031 1289 1063 1343 et
1080 1280 1232 1343 deserens
1250 1295 1284 1342 et
1299 1278 1436 1355 sallens3

284 1384 482 1460 observatio,
498 1384 672 1468 indiligens
693 1392 727 1448 et
749 1383 930 1466 inaequalis
953 1394 987 1449 et
1009 1395 1168 1466 tanquam
1192 1383 1347 1461 fortuita3
1370 1394 1437 1448 tra·

285 1486 377 1563 ditio,
395 1506 481 1552 vana
503 1495 537 1550 et
560 1507 604 1550 ex
628 1507 758 1550 rumore
774 1507 782 1565 3
805 1487 958 1570 practica,
977 1487 1069 1570 operi
1092 1487 1219 1551 intenta
1238 1495 1272 1550 et
1291 1487 1437 1564 servilis;

285 1591 334 1654 vis
351 1590 628 1673 experimentalis,
643 1612 749 1668 caeca,
761 1591 904 1675 stupida,
915 1593 1059 1675 vaga,'et
1074 1601 1271 1674 praerupta;
1294 1591 1437 1673 denique

285 1693 422 1758 historia
438 1694 605 1772 naturalis
620 1694 702 1760 levis
717 1703 751 1758 et
767 1695 871 1777 inops,
886 1695 1131 1759 vitiosissimam
1152 1695 1325 1758 materiam
1342 1693 1436 1757 intel·

286 1797 385 1862 lectui
400 1799 442 1861 ad
459 1796 703 1881 philosophiam
720 1808 753 1860 et
768 1796 919 1861 scientias
934 1806 1176 1880 congesserunt.

331 1901 470 1976 Deinde,
498 1912 710 1984 praepostera
735 1902 988 1984 argumentandi
1015 1901 1181 1967 subtilitas
1207 1913 1240 1966 et
1266 1900 1436 1965 ventilatio

286 2027 395 2070 serum
412 2007 508 2070 rebus
523 2005 621 2089 plane
633 2007 816 2088 desperatis
828 2016 975 2070 tentatur
986 2007 1176 2084 remedium,
1189 2026 1249 2071 nec
1265 2007 1435 2088 negotium

287 2110 355 2174 ullo
382 2111 483 2174 modo
510 2111 654 2174 restituit
679 2119 737 2173 aut
764 2130 889 2174 errores
915 2122 1055 2193 separat.
1102 2110 1220 2193 Itaque
1246 2110 1336 2173 nulla
1362 2130 1436 2191 spes

287 2213 419 2295 majoris
442 2214 611 2297 augmenti
634 2233 672 2280 ac
693 2234 885 2297 progressus
904 2215 967 2280 sita
987 2225 1046 2293 est,
1061 2215 1123 2279 nisi
1146 2215 1177 2278 in
1200 2215 1436 2278 restauratione

286 2319 431 2400 quadarn
447 2317 667 2382 scientiarum.

331 2418 441 2503 Hujus
457 2431 570 2485 autem
593 2421 731 2485 exordia
753 2421 889 2485 omnino
911 2443 932 2486 a
954 2421 1095 2486 naturali
1118 2421 1255 2486 historia
1277 2421 1435 2485 sumenda

286 2536 372 2597 sunt,
387 2545 491 2606 eaque
507 2525 578 2608 ipsa
594 2526 668 2588 novi
685 2525 857 2607 cujusdam
873 2527 1001 2609 generis
1016 2537 1050 2590 et
1068 2533 1255 2609 apparatus.
1301 2525 1436 2588 Frustra

285 2629 374 2693 enirn
403 2628 500 2692 fuerit
524 2627 693 2710 speculum
716 2628 874 2711 expolire,
897 2630 924 2693 si
947 2629 1055 2693 desint
1077 2629 1256 2710 imagines3
1283 2639 1316 2691 et
1340 2627 1436 2711 plane

286 2732 424 2797 materia
439 2733 557 2796 idonea
572 2733 799 2815 praeparanda
815 2743 864 2796 est
876 2733 1064 2810 intellectui,
1077 2754 1142 2824 non
1155 2733 1262 2796 solum
1274 2731 1437 2814 praesidia

286 2835 352 2902 hda
367 2837 599 2919 comparanda.
646 2836 765 2900 Differt
786 2858 865 2901 vero
886 2858 997 2901 rursus
1017 2837 1154 2901 historia
1174 2848 1287 2902 nostra
1308 2832 1435 2920 (quem-

285 2943 468 3005 admodum
497 2940 604 3024 logica
630 2937 756 3025 nostra)
778 2942 821 3006 ab
844 2962 883 3005 ea
905 2963 991 3024 quae
1013 2941 1162 3017 habetur,
1185 2942 1297 3005 multis
1320 2941 1434 3004 rebus:

286 3044 351 3112 fine
371 3046 439 3109 sive
460 3045 575 3121 officio,
598 3045 669 3128 ipsa
688 3044 774 3110 mole
795 3055 829 3109 et
850 3047 1011 3128 congerie,
1032 3046 1106 3111 dein
1127 3045 1318 3120 subtilitate,
1334 3045 1434 3108 etiam

213 3195 214 3198 ,
286 3148 416 3213 delectu
436 3159 469 3212 et
484 3149 719 3214 constitutione
735 3150 767 3212 in
785 3150 899 3213 ordine
913 3151 956 3214 ad
972 3172 1011 3214 ea
1026 3171 1112 3232 quae
1126 3159 1315 3232 sequuntur.

331 3254 440 3317 Primo
456 3254 542 3316 enim
559 3237 635 3318 eam
649 3255 864 3337 proponimus
876 3253 1046 3318 historiam
1064 3254 1258 3330 naturalem,
1269 3274 1355 3335 quae
1370 3273 1435 3315 non

286 3369 354 3423 tam
371 3368 428 3422 aut
445 3379 552 3420 rerum
565 3359 724 3422 varietate
736 3358 877 3423 delectet
888 3370 946 3423 aut
959 3359 1122 3441 praesenti
1134 3357 1434 3441 experimentorum

288 3463 394 3527 fructu
422 3461 523 3545 juvet,
550 3483 650 3543 quam
684 3463 789 3527 lucem
817 3462 995 3527 inventioni
1022 3483 1193 3528 causarum
1219 3462 1377 3538 affundat,
1402 3470 1436 3524 et

286 3566 514 3650 philosophiae
532 3566 764 3631 enutricandae
780 3567 921 3648 primam
939 3586 1119 3630 mammam
1136 3565 1301 3649 praebeat.
1340 3564 1435 3628 Licet

286 3672 373 3733 enim
397 3691 498 3754 opera
521 3680 622 3753 atque
644 3671 785 3735 activam
808 3671 1016 3734 scientiarum
1035 3681 1163 3752 partem
1187 3669 1362 3753 praecipue
1385 3688 1436 3731 se·

287 3793 436 3856 quamur,
460 3783 572 3838 tamen
596 3773 711 3838 messis
735 3783 867 3856 tempus
893 3783 1118 3856 expectamus
1143 3794 1201 3837 nec
1226 3791 1374 3836 muscum
1402 3782 1435 3835 et

286 3888 433 3958 segetem
459 3877 631 3941 herbidam
661 3878 827 3940 demetere
857 3897 1023 3940 conamur.
1070 3875 1159 3941 Satis
1188 3876 1275 3939 enim
1306 3875 1435 3951 scimus

286 3982 458 4045 axiomata
488 3991 575 4044 recte
601 3981 731 4045 inventa
754 3991 825 4045 tota
851 3981 984 4064 agmina
1006 4001 1143 4064 operum
1167 4001 1277 4045 secum
1300 3979 1441 4056 trahere,

285 4095 385 4168 atque
414 4105 516 4168 opera
544 4105 611 4148 non
640 4086 779 4168 sparsim
809 4085 867 4148 sed
897 4084 1069 4150 confertim
1099 4083 1263 4147 exhibere.
1311 4083 1437 4146 Intem-

286 4188 451 4271 pestivum
468 4199 579 4251 autem
597 4188 689 4252 illum
710 4199 742 4252 et
759 4188 917 4271 puerilem
936 4189 1101 4264 affectum,
1117 4199 1154 4251 ut
1170 4188 1308 4270 pignora
1324 4186 1436 4268 aliqua

286 4312 447 4356 novorum
478 4313 614 4375 operum
645 4313 783 4376 propere
813 4303 995 4376 captentur,
1022 4312 1154 4376 prorsus
1179 4294 1376 4356 damnamus
1402 4300 1436 4353 et

286 4416 488 4473 amovemus,
522 4417 581 4460 ceu
614 4417 752 4479 pomum
785 4396 967 4460 Atalantae
999 4397 1090 4478 quod
1120 4415 1250 4460 cursum
1281 4396 1435 4459 retardat.

286 4500 402 4582 Atque
420 4499 589 4564 Historiae
604 4509 734 4564 nostrae
751 4500 921 4564 Naturalis
936 4499 1079 4564 officium
1095 4499 1162 4564 tale
1180 4509 1239 4563 est.
