3280 5238
666 407 744 466 ΠΒ.
767 409 811 466 11.
834 402 886 486 36.
1278 415 1343 485 479

189 574 341 642 debiliter
362 583 519 660 operatur
537 570 694 660 (namque
712 573 900 658 superficies
921 583 980 638 aut
999 573 1127 638 extima
1148 571 1345 639 incrustatio

189 691 295 747 terrae
308 679 439 743 virtutis
455 679 668 761 magneticae,
684 688 721 742 ut
740 677 794 742 ille
809 678 889 754 vult,
905 699 1026 760 expers
1045 675 1119 760 est),
1135 699 1195 762 per
1216 699 1344 742 moram

190 795 301 851 tamen
324 783 459 866 longam
481 784 645 866 magnetis
667 792 793 847 tactum
815 783 995 866 suppleret,
1014 793 1047 847 et
1068 782 1188 846 sermm
1209 783 1346 858 exciret,

190 889 310 953 deinde
326 888 473 952 excitum
490 888 710 951 conformaret
725 895 759 952 et
770 897 923 952 verteret.
970 887 1107 966 Rursus,
1118 888 1209 969 quod
1224 886 1345 951 serrum

191 993 329 1073 ignitum
343 1000 377 1055 et
392 992 524 1066 cadens,
539 991 567 1054 si
580 992 614 1055 in
630 990 834 1056 extinctione
849 1012 908 1056 sua
923 992 1157 1074 exporrigatur
1172 991 1257 1055 inter
1272 1010 1347 1073 sep·

190 1097 373 1162 tentriones
384 1105 418 1160 et
428 1105 585 1174 austrum,
594 1095 732 1179 colligat
741 1116 875 1179 quoque
883 1096 1104 1162 verticitatem
1115 1095 1242 1178 absque
1251 1103 1344 1160 tactu

191 1201 373 1284 magnetis:
396 1220 432 1265 sc
448 1201 475 1264 si
488 1211 598 1283 partes
612 1200 688 1264 terri
704 1201 737 1264 in
754 1212 847 1265 motu
864 1201 994 1284 positae
1012 1221 1071 1284 per
1090 1201 1295 1283 ignitionem,
1311 1211 1345 1264 et

191 1317 307 1390 postea
322 1327 358 1370 se
378 1305 584 1388 recipientes,
599 1305 633 1368 in
654 1304 726 1389 ipso
746 1305 886 1371 articulo
905 1307 1119 1380 extinctionis
1140 1326 1218 1370 suae
1239 1306 1346 1389 magis

191 1420 300 1475 essent
316 1410 523 1493 susceptivae
539 1418 573 1473 et
590 1410 685 1492 quasi
700 1411 875 1475 sensitivae
889 1412 1022 1476 virtutis
1038 1411 1202 1474 manantis
1220 1431 1240 1474 a
1259 1419 1347 1475 terra

192 1535 292 1599 quam
304 1515 393 1586 alias,
407 1525 440 1578 et
452 1514 531 1579 inde
546 1513 664 1579 fierent
680 1524 841 1596 tanquam
857 1515 998 1580 excitae.
1028 1514 1154 1580 Verum
1166 1513 1257 1591 haec,
1269 1514 1346 1582 licet

192 1621 276 1684 bene
291 1619 477 1692 observata,
493 1627 604 1683 tamen
621 1639 687 1682 non
703 1619 860 1684 evincunt
875 1640 1009 1702 prorsus
1024 1621 1115 1704 quod
1131 1619 1187 1684 ille
1201 1621 1329 1684 asserit.

235 1723 404 1787 Instantia
418 1723 522 1786 crucis
532 1733 644 1786 autem
657 1723 742 1788 circa
757 1724 821 1788 hoe
836 1723 1021 1806 subjectum
1038 1724 1159 1808 poterit
1175 1745 1246 1790 esse
1260 1723 1346 1788 talis.

195 1826 354 1909 Capiatur
375 1826 507 1891 terrella
528 1847 574 1892 ex
597 1837 759 1910 magnete,
782 1837 817 1892 et
839 1839 995 1894 notentur
1017 1828 1087 1912 poli
1109 1828 1200 1912 ejus;
1230 1839 1266 1892 et
1288 1851 1348 1912 po-

193 1941 314 1996 nantur
329 1931 396 2014 poli
419 1931 573 1996 terrellae
594 1952 708 1996 versus
730 1932 889 1997 orientem
913 1944 948 1997 et
967 1952 1131 2010 occasum,
1150 1953 1215 1996 non
1234 1953 1348 2000 versus

194 2035 434 2119 septentriones
460 2046 494 2101 et
520 2046 680 2113 austrum,
705 2045 806 2119 atque
833 2035 880 2101 ita
903 2035 1055 2118 jaceant3
1089 2035 1209 2102 deinde
1235 2057 1349 2120 super-

195 2147 338 2224 ponatur
352 2158 430 2205 acus
446 2139 550 2206 ferrea
566 2140 700 2218 intacta,
716 2149 749 2204 et
768 2142 979 2223 permittatur
994 2142 1040 2206 ita
1062 2163 1195 2206 manere
1215 2143 1259 2206 ad
1279 2143 1349 2207 dies

195 2265 256 2309 sex
271 2255 329 2310 aut
344 2255 483 2329 septem.
527 2245 622 2311 Acus
637 2266 717 2310 vero
733 2242 821 2329 (nam
839 2247 959 2311 dehoc
978 2267 1045 2311 non
1066 2243 1250 2332 dubitatur)
1268 2247 1348 2311 dum

196 2359 308 2414 manet
323 2369 423 2433 super
438 2361 639 2433 magnetem,
655 2349 775 2415 relictis
791 2351 877 2434 polis
893 2352 1016 2425 mundi,
1033 2372 1070 2416 se
1081 2361 1187 2416 vertet
1198 2353 1241 2416 ad
1254 2351 1349 2434 polos

196 2453 379 2536 magnetis3
402 2454 514 2537 itaque
533 2455 691 2536 quamdiu
712 2455 757 2519 ita
779 2465 900 2532 manet,
918 2455 1057 2520 vertitur
1076 2455 1200 2521 seilicet
1219 2454 1261 2518 ad
1284 2455 1349 2519 ori·

195 2567 306 2621 entem
332 2567 366 2622 et
392 2557 597 2623 occidentem
624 2558 747 2622 mundi.
794 2558 896 2642 Quod
922 2559 950 2623 si
978 2559 1162 2624 inveniatur
1183 2579 1261 2624 acus
1283 2559 1349 2637 illa,

196 2672 325 2728 remota
340 2682 360 2725 a
376 2670 532 2745 magnete
550 2672 584 2726 et
602 2663 712 2745 posita
731 2684 830 2748 super
847 2665 1037 2742 versorium,
1052 2664 1166 2729 statim
1189 2685 1225 2728 se
1242 2663 1348 2747 appli-

197 2787 272 2830 care
298 2765 342 2828 ad
368 2766 608 2849 septentriones
631 2776 664 2830 et
686 2778 845 2847 austrum,
866 2769 920 2833 vel
942 2769 1042 2834 etiarn
1070 2768 1229 2851 paulatim
1252 2787 1287 2833 se
1309 2787 1349 2832 eo

197 2871 363 2954 recipere;
383 2879 455 2934 turn
478 2871 665 2955 recipienda
683 2882 734 2937 est
753 2893 813 2958 pro
831 2893 930 2938 eausa
947 2874 1132 2958 praesentia
1150 2882 1275 2937 terrae:
1299 2873 1350 2937 sin

197 2984 254 3040 aut
271 2982 420 3039 vertatur
435 2971 486 3060 (ut
502 2971 606 3062 prius)
624 2975 657 3040 in
675 2977 838 3042 orientem
861 2989 895 3043 et
918 2977 1135 3054 occidentem,
1151 2986 1209 3041 aut
1232 2975 1349 3060 perdat

197 3079 426 3156 verticitatem‚
449 3079 603 3144 habenda
625 3091 675 3146 est
696 3079 752 3146 illa
775 3102 874 3146 eausa
897 3102 958 3165 pro
980 3090 1143 3164 suspecta,
1158 3091 1193 3146 et
1216 3081 1350 3146 ulterius

199 3183 429 3266 inquirendum
446 3193 495 3248 est
505 3183 527 3248 ὅ.

241 3282 289 3372 (5)
313 3285 479 3366 Similiter,
518 3288 561 3354 sit
599 3301 716 3355 natura
755 3288 912 3373 inquisita
950 3287 1118 3373 Corporea
1155 3285 1351 3355 Substantia

198 3389 353 3456 Lunae⁰:
387 3412 429 3455 an
458 3393 501 3457 sit
526 3395 644 3474 tenuis,
669 3395 834 3472 flammea,
859 3396 928 3460 sive
954 3401 1059 3469 ae'rea,
1087 3406 1124 3461 ut
1149 3394 1281 3479 plurimi
1305 3415 1350 3458 ex

198 3497 313 3582 priscis
335 3495 542 3580 philosophis
564 3499 691 3583 opinati
715 3511 811 3576 sunt;
834 3521 876 3566 an
899 3498 1007 3566 solida
1029 3510 1063 3565 et
1084 3502 1196 3577 densa,
1218 3508 1256 3563 ut
1278 3497 1349 3562 Gil-

199 3599 333 3666 bertus⁷
350 3609 386 3666 et
407 3603 503 3666 multi
527 3605 686 3680 moderni,
705 3625 781 3670 cum
804 3605 968 3670 nonnullis
990 3625 1035 3669 ex
1057 3603 1209 3687 antiquis,
1227 3587 1352 3668 tenent.

235 3837 327 3898 ⁸The
345 3843 449 3898 former
465 3843 638 3912 alternative,
657 3845 690 3899 ot
707 3861 814 3912 course,
833 3853 992 3914 represents
1011 3845 1060 3899 the
1080 3845 1161 3900 facts.
1199 3845 1225 3898 Α
1242 3843 1350 3913 needle,

199 3927 329 3982 however
340 3928 523 3997 magnetised,
536 3928 599 3995 will,
611 3929 693 3984 when
708 3928 826 3984 allowed
838 3938 868 3983 to
880 3939 943 3983 turn
955 3929 1049 3997 freely,
1062 3928 1119 3982 and
1132 3928 1267 3983 removed
1279 3928 1351 3983 from

200 4011 247 4066 the
260 4009 399 4066 influence
412 4012 445 4066 os
452 4029 508 4083 any
520 4013 602 4067 other
614 4021 737 4081 magnet,
750 4011 838 4067 direct
852 4009 928 4066 itself
937 4013 1019 4066 north
1033 4012 1091 4067 and
1103 4011 1193 4066 south.

235 4091 246 4124 ⁶
265 4095 329 4150 The
340 4105 438 4150 nature
450 4096 481 4150 of
490 4098 539 4152 the
554 4097 704 4152 substance
716 4095 748 4150 oi
761 4096 809 4151 the
826 4095 964 4165 heavenly
975 4093 1074 4150 bodies
1089 4092 1233 4163 generally
1245 4093 1270 4149 is
1283 4109 1352 4150 con-

200 4176 312 4233 sidered
331 4178 358 4232 in
378 4179 427 4234 the
441 4179 602 4251 DescrIptio
616 4179 699 4234 Globi
714 4177 923 4248 Intellectualis,
935 4195 998 4250 cap.
1011 4191 1036 4247 7,
1049 4177 1107 4234 and
1126 4177 1154 4232 in
1175 4179 1223 4233 the
1240 4179 1352 4234 Thema

201 4260 288 4318 Coeli.

235 4342 247 4374 ²
266 4344 336 4401 This
355 4356 431 4400 must
449 4347 484 4403 be
503 4363 540 4402 an
565 4344 685 4402 allusion
703 4356 734 4404 to
752 4346 883 4402 Gilbert's
906 4347 1008 4402 known
1032 4345 1173 4416 opinions,
1191 4354 1241 4400 not
1259 4354 1289 4402 to
1306 4343 1352 4400 his

203 4427 337 4499 writings.
375 4431 432 4485 For
444 4430 492 4484 the
504 4431 690 4500 posthumous
704 4431 777 4486 book
791 4431 836 4486 De
850 4430 960 4485 Mundo
976 4439 1073 4486 nostro
1086 4428 1246 4498 Sublunari,
1259 4427 1351 4486 which

202 4510 331 4568 contains
344 4512 389 4569 his
402 4513 592 4584 speculatione
605 4529 643 4570 on
656 4513 713 4571 this
726 4513 841 4585 subject,
855 4531 911 4572 was
924 4524 973 4570 not
991 4513 1141 4586 published
1155 4514 1197 4570 till
1212 4514 1288 4586 1651.
1327 4513 1353 4570 lt
