3358 5152
313 387 376 464 284
680 393 838 449 rvovuM
859 394 1077 452 orrannum

353 557 525 624 Authores
552 580 630 623 vero
658 560 748 641 quod
778 559 904 635 attinet,
927 580 1075 623 summae
1104 557 1382 642 pusillanimitatis
1412 571 1462 626 est

310 663 503 728 authoribus
525 663 652 727 infinita
676 665 829 741 tribuere,
852 663 982 727 authori
1013 674 1124 728 autem
1153 664 1339 742 authorum,
1361 676 1461 746 atque

310 767 393 832 adeo
409 769 516 830 omnis
531 768 749 843 authoritatis,
765 767 934 850 Tempori,
946 767 1001 849 jus
1019 787 1115 832 suum
1138 768 1310 851 denegare.
1356 769 1461 833 Recte

310 872 397 934 enim
407 870 540 936 Veritas
552 871 728 954 Temporis
744 872 811 935 filia
826 873 952 948 dicitur,
962 892 1027 935 non
1037 869 1304 936 Authoritatis³⁸.
1343 872 1460 954 Itaque

312 976 430 1039 mirum
463 997 528 1039 non
559 986 617 1050 est,
640 977 667 1040 si
698 977 820 1041 fascina
850 979 912 1042 ista
942 977 1150 1058 antiquitatis
1172 986 1206 1040 et
1228 977 1404 1040 authorum
1427 988 1460 1041 et

310 1100 487 1146 consensus
517 1080 688 1144 hominurn
718 1083 873 1146 virtutem
904 1082 950 1144 ita
981 1081 1162 1164 ligaverint,
1193 1090 1229 1144 ut
1258 1100 1333 1144 cum
1363 1081 1460 1144 rebus

311 1184 389 1267 ipsis
405 1204 616 1250 consuescere
631 1184 803 1270 (tanquam
820 1183 1022 1271 maleficiati)
1039 1205 1104 1248 non
1120 1185 1297 1267 potuerint.

795 1377 973 1442 LXXXV.

354 1516 472 1598 Neque
484 1515 590 1580 solum
599 1517 774 1582 admiratio
784 1515 1220 1598 antiquitatisauthoritatis,
1231 1524 1264 1578 et
1274 1534 1461 1590 consensus,

310 1621 481 1684 hominurn
498 1622 693 1685 industriam
711 1623 743 1684 in
759 1621 807 1697 iis,
823 1643 907 1704 quae
919 1622 988 1703 jam
1005 1623 1138 1686 inventa
1154 1632 1241 1697 sunt,
1253 1620 1460 1702 acquiescere

309 1725 489 1806 compulit;
511 1746 624 1789 verum
649 1727 749 1789 etiam
776 1746 913 1808 operum
939 1726 1085 1807 ipsorum
1110 1725 1295 1802 admiratio,
1318 1743 1458 1806 quorum

309 1829 404 1911 copia
430 1828 626 1912 jampridem
657 1830 743 1895 sacta
769 1839 819 1894 est
849 1830 994 1894 humano
1024 1830 1142 1914 generi.
1189 1829 1323 1892 Etenim
1355 1847 1456 1909 quum

309 1934 383 2014 quis
406 1954 513 1997 rerum
539 1935 740 2010 varietatem,
763 1945 796 1999 et
819 1935 1074 2018 pulcherrimum
1101 1945 1297 2017 apparatum
1321 1933 1377 2013 qui
1400 1951 1459 2014 per

308 2047 396 2100 artes
412 2037 617 2102 mechanicas
626 2040 669 2102 ad
682 2039 807 2104 cultum
822 2039 1004 2102 humanum
1020 2047 1196 2122 congestus
1207 2049 1240 2101 et
1253 2039 1458 2101 introductus

309 2151 369 2218 est,
395 2141 498 2205 oculis
522 2143 707 2225 subjecerit,
729 2164 770 2207 eo
794 2156 881 2209 certe
909 2143 1088 2218 inclinabit,
1114 2154 1150 2207 ut
1174 2141 1286 2225 potius
1308 2142 1351 2205 ad
1375 2161 1458 2224 opu-

307 2243 427 2309 lentiae
463 2245 626 2310 humanae
662 2247 926 2325 admirationem,
955 2268 1056 2331 quam
1086 2248 1129 2311 ad
1161 2246 1290 2330 inopiae
1327 2264 1458 2309 sensum

308 2350 464 2428 accedat;
489 2351 622 2414 minime
644 2352 818 2416 advertens
840 2353 1025 2434 primitivas
1048 2351 1191 2415 hominis
1213 2350 1458 2415 observationes

307 2464 408 2536 atque
430 2466 566 2519 naturae
589 2457 797 2540 operationes
814 2455 913 2542 (quae
933 2458 975 2521 ad
993 2477 1127 2522 omnem
1151 2456 1241 2520 illam
1263 2457 1456 2519 varietatem

308 2559 410 2622 instar
439 2559 568 2624 animae
600 2570 685 2639 sunt,
709 2571 743 2626 et
773 2563 869 2644 primi
903 2560 1027 2648 motus)
1058 2582 1118 2626 nec
1149 2559 1279 2636 multas,
1301 2580 1360 2624 nec
1391 2558 1457 2622 alte

274 2687 276 2690 ·
308 2663 428 2746 petitas
458 2685 548 2740 esse;
586 2675 717 2728 caetera
748 2667 790 2730 ad
822 2667 1015 2749 patientiam
1047 2665 1219 2730 hominum
1249 2673 1391 2738 tanturn,
1422 2672 1455 2727 et

307 2765 461 2830 subtilem
488 2777 522 2832 et
551 2770 739 2833 ordinatum
771 2791 887 2833 manus
914 2770 965 2833 vel
996 2770 1288 2834 instrumentorum
1318 2778 1458 2841 motum,

307 2871 470 2953 pertinere
481 2870 514 2935 ³⁹.
561 2873 629 2936 Res
653 2876 740 2937 enim
766 2869 924 2959 (exempli
945 2871 1065 2959 gratia)
1088 2873 1217 2937 subtilis
1240 2881 1290 2936 est
1314 2881 1401 2935 certe
1423 2879 1457 2934 et

307 2985 458 3038 accurata
481 2975 643 3041 conlectio
666 2977 922 3061 horologiorum,
947 2977 1022 3042 talis
1044 2977 1177 3053 scilicet,
1195 2997 1281 3060 quae
1304 2974 1458 3039 coelestia

309 3078 341 3140 in
366 3080 454 3154 rotis,
478 3079 609 3162 pulsum
637 3081 829 3146 animali-um
854 3085 886 3146 in
911 3093 1004 3148 motu
1031 3082 1216 3146 successivo
1239 3090 1272 3144 et
1295 3079 1458 3154 ordinat0,

307 3268 361 3321 vol.
374 3266 411 3321 iii.
425 3285 471 3338 pp.
485 3271 618 3336 727—768)
633 3271 656 3325 is
667 3271 833 3342 designated
846 3272 1022 3346 ‘Descriptio
1036 3271 1118 3328 Globi
1133 3270 1347 3325 lntellectualis.'
1383 3271 1426 3324 To
1437 3268 1457 3324 it

308 3350 330 3406 is
344 3353 493 3421 appended
505 3353 553 3408 the
565 3354 690 3409 ‘Thema
704 3354 797 3410 Coeli!

343 3431 364 3464 ³⁸
381 3437 435 3489 See
453 3436 542 3491 Aulus
562 3437 676 3505 Gellius,
695 3440 801 3494 Noctes
819 3440 939 3508 Atticae,
955 3439 1001 3494 lib.
1019 3439 1063 3493 xii.
1082 3455 1143 3508 cap.
1166 3453 1214 3493 11:
1235 3438 1328 3492 ‘Alius
1340 3435 1456 3509 quidam

307 3527 432 3572 veterum
451 3530 604 3588 poetarum,
618 3521 696 3591 cujus
712 3538 814 3577 nomen
831 3523 899 3576 mihi
918 3541 992 3578 nunc
1011 3523 1165 3577 memoriae
1178 3539 1234 3576 non
1247 3532 1298 3588 est,
1311 3521 1455 3576 veritatem

306 3601 440 3672 temporis
453 3601 537 3656 filiam
554 3621 616 3659 esse
630 3605 715 3659 dixit·
753 3607 764 3659 1
779 3623 825 3660 arn
839 3606 971 3661 indebted
985 3607 1028 3660 ior
1040 3607 1095 3661 this
1112 3605 1256 3676 quotation
1273 3616 1302 3661 to
1319 3606 1367 3660 the
1385 3607 1456 3659 Rev.

306 3685 340 3739 E.
356 3686 499 3740 Marshall.
536 3689 587 3757 Cp.
601 3690 764 3758 Aeschylus,
779 3690 960 3745 Prometheus
972 3690 1097 3756 Vinctus,
1110 3690 1128 3743 l.
1141 3689 1207 3758 981:

562 3770 637 3824 'att'
655 3772 799 3826 ἐκδιδάσκει
817 3770 892 3829 πάνθ’
911 3776 925 3826 ὁ
942 3775 1080 3843 γηράσκων
1098 3777 1198 3844 χρόνος.

343 3852 469 3907 ‘Veritas
482 3855 616 3924 temporis
629 3856 702 3925 filia,'
714 3856 735 3910 it
748 3858 799 3912 has
812 3858 884 3912 been
897 3857 1012 3928 pointed
1024 3867 1072 3912 out
1085 3867 1113 3911 to
1129 3875 1184 3924 me,
1198 3857 1220 3912 is
1237 3857 1285 3911 the
1302 3855 1403 3924 legend
1419 3872 1456 3908 on

305 3937 353 3990 the
366 3947 461 4004 groats
472 3937 503 3991 of
514 3939 610 4007 Queen
625 3942 716 4010 Mary,
729 3941 818 3995 which
829 3951 903 3996 must
916 3943 989 3996 have
1001 3943 1074 3996 been
1086 3940 1114 3994 in
1127 3957 1176 3994 use
1190 3939 1218 3994 in
1232 3941 1350 3994 Bacon’s
1363 3939 1438 3993 time.

342 4016 363 4048 ³⁹
383 4022 415 4074 ln
435 4022 483 4075 the
504 4022 634 4092 Cogitata
654 4034 681 4078 et
698 4024 768 4078 Visa
786 4024 832 4092 (E.
850 4025 908 4079 and
927 4027 964 4092 S,
983 4027 1036 4078 vol.
1055 4024 1092 4078 iii.
1112 4041 1137 4094 p.
1159 4023 1231 4093 593),
1251 4023 1298 4076 the
1316 4020 1457 4090 following

306 4112 437 4158 sentence
450 4121 549 4159 occurs
561 4106 630 4160 aiter
643 4109 690 4161 the
703 4109 794 4162 words
808 4109 930 4163 ‘motum
943 4117 1050 4163 tanturn
1063 4107 1202 4178 pertinere
1214 4107 1236 4160 ε’
1256 4107 1356 4176 ‘atque
1365 4105 1392 4158 in
1403 4105 1456 4158 hac

307 4196 386 4256 parte
406 4187 547 4242 officinam
567 4206 631 4243 cum
654 4191 829 4246 Bibliotheca
850 4192 919 4246 mire
941 4209 1101 4261 congruere,
1123 4209 1194 4261 quae
1213 4201 1240 4245 et
1261 4190 1322 4260 ipsa
1346 4197 1455 4243 tantam

306 4270 438 4325 librorum
450 4272 613 4328 varietatem
623 4283 752 4342 ostentet,
766 4273 907 4344 inquibus
921 4275 943 4330 si
957 4275 1114 4344 diligentius
1128 4273 1315 4344 introspicias,
1328 4273 1366 4326 nil
1380 4270 1455 4325 aliud

306 4369 389 4423 quam
402 4353 529 4424 ejusdem
542 4355 580 4410 rei
591 4355 713 4411 infinitas
723 4358 900 4427 repetitiones
910 4359 1041 4429 reperias,
1054 4368 1174 4413 tractatu
1186 4374 1282 4424 novas,
1296 4354 1455 4410 inventione

305 4439 538 4507 praeoccupatas!
575 4439 637 4494 The
656 4442 806 4496 substance
825 4441 856 4495 oi
871 4441 927 4496 this
946 4452 1085 4510 sentence,
1102 4443 1208 4512 though
1226 4451 1276 4495 not
1294 4439 1323 4494 in
1341 4456 1373 4493 so
1392 4446 1456 4492 neat

305 4537 323 4572 a
335 4519 414 4588 form,
427 4537 526 4577 occurs
538 4521 567 4576 in
580 4523 627 4578 the
637 4533 703 4578 next
715 4526 871 4595 paragraph
885 4526 934 4580 but
947 4543 1001 4581 one
1009 4526 1041 4580 ol
1049 4525 1105 4581 this
1117 4523 1278 4595 Aphorism.
