3250 5138
676 391 754 449 LIB.
778 391 821 450 Il.
846 396 897 466 50.
1290 399 1354 472 573

202 553 321 637 Atque
355 556 543 621 audivimus
576 555 742 620 inventam
775 578 848 621 esse
875 557 945 638 jam
980 556 1176 634 machinam,
1209 557 1354 641 aliquam

203 660 373 725 naviculae
404 669 462 725 aut
494 661 646 743 scaphae,
676 683 761 744 quae
790 663 941 726 homines
974 663 1086 726 subter
1117 663 1212 745 aquis
1237 663 1355 728 vehere

204 765 309 846 possit
342 766 385 830 ad
417 766 525 848 spatia
559 765 715 828 nonnulla
726 764 763 829 ⁹⁰.
807 767 932 830 Verum
965 767 1027 830 sub
1058 767 1116 830 tali
1145 787 1232 842 vase,
1259 769 1356 850 quale

204 868 306 932 modo
320 869 475 946 diximus,
490 889 626 950 corpora
642 869 776 951 quaevis
797 870 891 934 facile
911 872 1069 952 suspendi
1093 871 1240 954 possint;
1262 871 1355 954 cujus

203 990 303 1036 causa
318 972 380 1036 hoc
396 973 663 1055 experimentum
679 973 890 1037 adduximus

249 1074 313 1140 Est
327 1087 360 1140 et
375 1074 459 1140 alius
471 1097 549 1140 usus
564 1076 732 1159 diligentis
748 1087 782 1140 et
797 1077 962 1160 perfectae
978 1075 1147 1142 clausurae
1162 1097 1354 1160 corporum:

204 1201 332 1262 nempe,
349 1201 413 1242 non
430 1180 536 1244 solum
553 1190 589 1244 ut
605 1181 820 1263 prohibeatur
837 1182 948 1246 aditus
965 1183 1049 1246 aeris
1064 1203 1122 1264 per
1137 1183 1283 1246 exterius
1300 1183 1356 1265 (de

204 1305 270 1366 quo
283 1283 354 1365 jam
369 1284 495 1348 dictum
517 1281 590 1368 est),
606 1305 720 1348 verum
740 1286 841 1349 etiam
863 1297 900 1350 ut
920 1285 1114 1353 cohibeatur
1133 1287 1243 1350 exitus
1259 1287 1355 1370 spiri-

204 1397 258 1451 tus
273 1389 429 1470 corporis,
443 1409 541 1472 super
555 1389 645 1471 quod
662 1387 700 1453 fit
715 1390 865 1471 operatio
880 1409 940 1472 per
955 1390 1099 1454 interius.
1145 1389 1290 1454 Necesse
1305 1401 1354 1453 est

204 1491 291 1556 enim
313 1502 350 1555 ut
373 1493 521 1576 operanti
544 1494 629 1557 circa
651 1513 789 1577 corpora
816 1493 979 1557 naturalia
1003 1503 1130 1558 constet
1153 1493 1194 1556 de
1218 1495 1355 1558 summis

204 1595 291 1658 suis:
312 1596 373 1659 viz.
389 1597 479 1678 quod
500 1596 580 1660 nihil
596 1597 752 1678 expirarit
768 1607 824 1660 aut
841 1597 1013 1661 effluxerit.
1059 1598 1159 1661 Fiunt
1175 1598 1262 1661 enim
1278 1618 1354 1680 pro-

204 1698 326 1764 fundae
348 1700 558 1765 alterationes
581 1702 614 1764 in
638 1702 838 1782 corporibus,
858 1701 1000 1784 quando,
1022 1711 1137 1765 natura
1160 1702 1355 1784 prohibente

204 1803 485 1880 annihilationem,
500 1825 553 1868 ars
573 1804 747 1886 prohibeat
769 1806 869 1868 etiam
890 1806 1151 1889 deperditionem
1173 1815 1229 1868 aut
1245 1804 1354 1869 evola·

204 1907 327 1972 tionem
343 1907 480 1990 alicujus
495 1909 640 1992 partisll.
675 1907 792 1990 Atque
807 1909 869 1972 hac
885 1909 927 1972 de
942 1930 976 1972 re
995 1909 1132 1974 invaluit
1146 1909 1259 1993 opinio
1275 1909 1356 1974 falsa

205 2009 306 2094 (quae
321 2011 347 2074 si
360 2034 437 2076 vera
449 2022 543 2088 esset,
555 2013 596 2076 de
609 2013 673 2075 ista
688 2013 934 2077 conservatione
950 2033 1100 2077 summae
1111 1993 1220 2077 certae
1230 2014 1356 2094 absque

205 2115 423 2180 diminutione
439 2127 524 2180 esset
536 2116 602 2180 fere
614 2113 886 2200 desperandum):
906 2117 967 2180 viz.
980 2118 1113 2199 spiritus
1125 2137 1309 2200 corporum.
1322 2128 1354 2180 et

204 2227 314 2284 aerem
327 2219 443 2301 majori
454 2221 559 2303 gradu
571 2219 689 2284 caloris
701 2230 918 2296 attenuatum,
931 2220 1030 2283 nullis
1042 2241 1194 2284 vasorum
1207 2221 1355 2284 claustris

205 2344 302 2407 posse
322 2325 489 2397 contineri,
505 2325 584 2407 quin
605 2345 663 2407 per
684 2345 784 2406 poros
801 2343 954 2388 vasorum
975 2323 1160 2387 subtiliores
1179 2325 1310 2388 evolent
1319 2323 1355 2385 ⁹⁸.

204 2426 321 2509 Atque
338 2427 369 2491 in
384 2427 468 2492 hanc
482 2429 670 2507 opinionem
683 2428 818 2492 adducti
834 2438 910 2491 sunt
921 2427 1071 2491 homines
1084 2448 1143 2510 per
1153 2427 1287 2510 vulgata
1299 2426 1356 2490 illa

205 2532 441 2613 experimenta,
452 2531 560 2615 poculi
571 2532 689 2596 inversi
701 2553 799 2614 super
811 2551 931 2613 aquam
941 2551 1015 2595 cum
1027 2531 1165 2596 candela
1176 2541 1234 2594 aut
1243 2531 1356 2595 charta

205 2634 416 2708 inflammata,
436 2657 479 2700 ex
502 2656 568 2718 quo
592 2634 629 2698 fit
653 2646 688 2699 ut
709 2655 795 2717 aqua
818 2655 946 2699 sursum
968 2634 1171 2710 attrahatur3
1196 2646 1297 2716 atque
1315 2636 1356 2698 si-

206 2739 329 2804 militer
349 2748 572 2814 ventosarum,
596 2760 681 2822 quae
706 2759 805 2822 super
826 2739 995 2802 flammam
1023 2738 1200 2804 calefactae
1222 2737 1356 2802 trahunt

205 2862 326 2908 carnes.
373 2843 577 2907 Existimant
601 2845 686 2908 enim
707 2843 738 2906 in
760 2852 900 2924 utroque
920 2843 1150 2925 experimento
1174 2849 1283 2905 aerem
1306 2853 1356 2906 at·

205 2958 378 3011 tenuatum
409 2948 558 3024 emittill,
583 2957 616 3011 et
647 2947 725 3011 inde
754 2956 912 3028 quantum
942 2947 1043 3029 ipsius
1075 2947 1187 3022 minui,
1218 2946 1358 3028 ideoque

205 3072 325 3134 aquam
342 3063 400 3116 aut
427 3072 540 3116 cames
567 3073 625 3135 per
651 3073 768 3115 nexum
790 3053 976 3116 succedere.
1022 3050 1121 3132 Quod
1147 3049 1357 3113 falsissimum

206 3164 266 3220 est.
311 3155 382 3219 Aer
398 3157 487 3220 enim
503 3178 568 3220 non
584 3166 705 3239 quanto
721 3156 921 3230 diminuitur,
939 3157 997 3218 sed
1013 3155 1119 3236 spatio
1135 3153 1359 3227 contrahitur;

207 3279 314 3340 neque
343 3260 457 3344 incipit
487 3272 598 3325 motus
627 3261 688 3325 iste
714 3261 929 3324 successionis
955 3279 1069 3342 aquae,
1094 3269 1273 3340 antequam
1301 3256 1359 3322 fiat

207 3361 368 3425 extinctio
384 3362 538 3427 flammae
553 3375 611 3428 aut
634 3363 834 3445 refrigeratio
855 3363 957 3426 atris:
981 3363 1066 3424 adeo
1087 3372 1123 3425 ut
1146 3361 1273 3437 medici,
1293 3379 1360 3442 quo

242 3660 263 3692 ’⁶
285 3663 335 3732 Cp.
344 3663 416 3717 New
424 3663 556 3730 Atlantis,
566 3665 599 3716 E.
607 3662 663 3716 and
673 3662 710 3728 S.‚
720 3661 773 3716 vol.
785 3660 821 3714 iii.
830 3679 857 3731 p.
870 3660 918 3729 163
930 3678 937 3716 ι
960 3661 1029 3715 ‘We
1038 3660 1112 3714 have
1122 3659 1201 3729 ships
1210 3659 1268 3714 and
1278 3657 1360 3714 boats

205 3747 249 3802 for
260 3744 346 3815 going
358 3746 448 3800 under
460 3757 553 3814 water,
566 3745 623 3800 and
636 3744 773 3814 broolring
786 3745 818 3798 of
827 3745 908 3799 seas!
947 3745 1002 3798 hfr.
1013 3743 1092 3810 Ellis,
1104 3743 1131 3796 in
1140 3761 1158 3796 a
1170 3752 1236 3796 note
1249 3758 1286 3795 on
1300 3742 1360 3796 that

206 3847 334 3900 passage,
353 3846 418 3899 says
438 3829 498 3884 that
516 3847 534 3883 a
552 3829 619 3884 boat
638 3827 680 3882 for
697 3826 784 3896 going
802 3828 892 3882 under
910 3837 993 3881 water
1011 3843 1068 3880 was
1088 3841 1141 3880 one
1159 3825 1192 3878 of
1213 3824 1361 3880 Drebbel's

207 3911 364 3968 inventions
377 3912 519 3968 exhibited
533 3912 561 3966 in
577 3913 652 3966 1620.
702 3913 757 3966 See
769 3911 828 3965 also
842 3911 886 3965 his
899 3921 964 3964 note
977 3926 1014 3963 on
1029 3910 1073 3962 De
1086 3907 1261 3976 Augmentis,
1275 3907 1322 3961 lib.
1335 3926 1361 3962 v.

205 4011 269 4110 αξ
281 3992 754 4150 zgssiffgtrlgsslpslfflffisfflltus,
767 4076 796 4131 in
810 4077 836 4132 ii.
849 4091 892 4143 40.

242 4161 264 4193 ’⁸
282 4163 344 4217 The
362 4163 487 4232 porosity
505 4162 537 4216 of
550 4178 620 4216 even
639 4161 688 4216 the
704 4160 807 4215 harder
825 4161 923 4215 metals
941 4161 993 4214 has
1010 4160 1081 4214 been
1098 4155 1308 4215 demonstrated
1325 4157 1363 4226 by

206 4245 256 4301 the
272 4246 433 4302 Florentiae
446 4246 503 4300 and
516 4244 621 4300 similar
637 4243 833 4315 experiments.

242 4327 265 4359 ⁸⁹
284 4329 346 4384 The
359 4328 402 4382 air
414 4329 483 4384 does
496 4339 544 4384 not
558 4345 659 4398 escape
672 4328 793 4396 through
806 4327 854 4380 the
868 4342 950 4396 pores
963 4326 996 4381 of
1005 4327 1051 4380 the
1063 4326 1171 4394 vessel;
1199 4325 1258 4390 but,
1270 4323 1363 4392 owing

207 4421 237 4467 to
250 4410 285 4466 its
297 4411 473 4480 rarefaction,
484 4411 623 4482 aportion
636 4410 668 4466 of
677 4411 698 4466 it
711 4410 762 4466 has
776 4409 890 4478 already
900 4409 1030 4480 escaped‚
1040 4409 1135 4466 before
1147 4407 1183 4463 its
1192 4406 1362 4478 application

207 4505 236 4550 to
249 4495 297 4552 the
310 4505 394 4550 water
407 4511 440 4548 or
452 4495 530 4550 flesh.
