3100 5130
297 423 362 496 530
674 414 832 471 NOVUM
851 413 1072 470 ORGANUM.

297 579 487 668 praesertim
509 577 542 645 in
559 589 630 645 tam
651 579 753 644 vastis
771 579 964 664 corporibus
984 577 1099 661 qualia
1118 581 1217 639 sunt
1247 561 1436 632 bahent
1451 581 1487 622 i:

298 683 475 771 elephanti,
494 694 623 749 tantam
645 683 769 749 molem
793 703 985 766 corpoream
1008 682 1164 747 flecteret
1189 687 1244 741 et
1272 677 1436 752 regeret,
1449 687 1492 729 ²2

298 801 434 875 propter
447 789 656 853 velocitatem
675 798 787 852 motus
804 789 946 872 spiritus,
961 797 996 853 et
1015 785 1301 850 hebetudinem
1329 793 1497 855 corpure·

300 894 404 971 molis,
419 902 583 976 quatenus
597 893 640 957 ad
657 893 901 976 expediendam
916 911 1011 956 suam
1029 889 1302 955 resistentiam·

343 997 508 1078 Denique,
525 997 590 1062 hoc
612 1017 712 1060 unum
736 1018 781 1061 ex
804 997 989 1081 praecipuis
1009 993 1266 1061 fundamentis
1293 995 1368 1053 est
1390 983 1506 1064 αρτῖ-

301 1111 487 1166 mentorum
504 1099 714 1184 magicorum,
730 1102 773 1165 de
792 1101 913 1183 quibus
931 1121 1012 1164 mox
1030 1100 1186 1165 dicemus
1197 1097 1266 1173 ⁴⁸3
1302 1091 1379 1155 ubi
1396 1088 1510 1153 ³015&-

301 1225 403 1290 parva
424 1205 527 1270 moles
548 1205 704 1269 materiae
727 1205 824 1288 longe
847 1203 1007 1287 majorem
1031 1213 1172 1288 superat
1195 1211 1242 1268 et
1276 1200 1328 1262 in
1359 1195 1511 1260 ordine:

302 1310 438 1394 redigit:
469 1309 542 1386 hoc,
565 1309 710 1392 inquam,
732 1311 759 1374 si
786 1309 854 1373 fieri
878 1311 983 1392 possit
1007 1308 1196 1372 anteversio
1227 1313 1441 1370 motuum
1467 1319 1514 1380 pe

302 1414 513 1479 velocitatem
529 1413 634 1488 unius,
649 1423 827 1497 antequam
843 1414 926 1478 alter
941 1435 977 1479 se
991 1413 1161 1496 expediat.

348 1518 529 1593 Postremo,
552 1519 616 1582 hoe
646 1516 754 1600 ipsum
776 1518 883 1581 Prius
907 1526 942 1582 et
963 1517 1134 1580 Posterius
1158 1513 1194 1578 in
1220 1511 1354 1579 omni
1383 1509 1515 1574 actione

304 1621 445 1687 naturali
468 1621 577 1686 notari
602 1621 723 1685 debet:
749 1621 852 1685 veluti
875 1621 966 1704 quod
988 1621 1021 1684 in
1044 1621 1213 1684 infusione
1238 1611 1515 1682 rhabasbaric

305 1727 453 1791 eliciatur
474 1726 647 1810 purgativa
669 1725 718 1788 vis
740 1726 838 1809 prius,
858 1726 1022 1790 astrictiva
1044 1735 1141 1810 post;
1167 1725 1303 1788 simile
1334 1721 1511 1804 quid&

306 1831 406 1895 etiam
427 1829 460 1893 in
484 1831 644 1895 infusione
662 1830 822 1895 violarum
831 1828 859 1868 ⁴⁸
881 1832 914 1894 in
934 1843 1067 1895 acetum
1087 1831 1226 1914 experti
1252 1845 1436 1900 sumus;
1463 1825 1513 1884 tiz-3

306 1933 413 2015 primo
443 1935 608 2017 excipitur
637 1935 746 1999 suavis
772 1945 807 2000 et
832 1935 992 2000 delicatus
1022 1933 1111 1998 floris
1136 1935 1248 2012 odor;
1284 1939 1405 2016 post,
1436 1949 1508 2011 pm

306 2037 396 2102 floris
420 2039 526 2121 magis
551 2050 667 2116 terrea,
691 2059 777 2121 quae
807 2039 945 2104 odorem
976 2038 1158 2105 confundit.
1220 2039 1378 2120 Itaque
1403 2035 1439 2098 si
1464 2033 1508 2093 in-

307 2142 486 2206 fundantur
509 2141 617 2207 violae
643 2163 700 2226 per
721 2143 811 2208 diem
838 2144 1013 2228 integrum,
1033 2143 1118 2207 odor
1141 2142 1257 2206 multo
1283 2137 1502 2221 languidius

308 2245 486 2328 excipitur:
520 2247 611 2328 quod
642 2247 669 2309 si
696 2246 912 2312 infundantur
940 2267 999 2331 per
1025 2255 1151 2328 partem
1178 2255 1362 2328 quartam
1396 2242 1502 2304 horae

308 2358 448 2426 tantum,
464 2356 498 2412 et
517 2349 754 2427 extrahantur3
775 2360 809 2414 et
824 2349 916 2436 (quia
935 2371 1058 2434 paucus
1078 2359 1128 2414 est
1150 2350 1291 2433 spiritus
1315 2349 1496 2413 odoratus

308 2453 364 2536 qui
384 2454 533 2518 subsistit
556 2455 588 2517 in
602 2451 706 2539 viola)
720 2454 932 2518 infundantur
948 2465 1026 2537 post
1045 2452 1191 2536 singulas
1206 2463 1368 2536 quartas
1390 2451 1495 2513 horae

308 2555 414 2621 violae
430 2577 535 2621 novae
555 2568 591 2621 et
613 2567 758 2622 recentes
785 2559 828 2622 ad
855 2559 981 2636 sexies3
1012 2568 1084 2622 tum
1110 2557 1249 2621 demum
1273 2555 1490 2620 nobilitatur

309 2659 438 2738 infusio,
453 2661 499 2725 ita
515 2671 559 2738 ut,
575 2661 652 2726 licet
672 2682 738 2726 non
756 2663 935 2726 manserint
951 2661 1067 2740 violae,
1087 2671 1259 2743 utcunque
1279 2669 1483 2725 renovatae

310 2763 508 2848 plusquam
533 2765 576 2828 ad
603 2767 840 2849 sesquihoram,
862 2776 974 2831 tamen
999 2767 1214 2850 permanserit
1240 2768 1334 2830 odor
1359 2763 1486 2848 gnatis-

310 2869 420 2946 simus,
455 2877 488 2932 et
525 2869 613 2933 viola
651 2871 723 2952 ipsa
763 2891 831 2934 non
869 2870 1008 2944 inferior,
1044 2871 1087 2934 ad
1126 2890 1252 2934 annum
1293 2870 1480 2951 integram

311 2972 507 3037 Notandum
532 2982 643 3037 tamen
669 2983 728 3048 est,
755 2974 845 3055 quod
875 2995 942 3038 non
971 2995 1007 3038 se
1035 2973 1170 3058 colligat
1201 2974 1287 3036 odor
1317 2975 1368 3038 ad
1398 2971 1482 3034 vitus
1525 3005 1526 3040 l

312 3096 387 3141 suas
403 3077 525 3158 plenas,
537 3078 598 3142 nisi
614 3086 691 3162 post
707 3097 854 3142 mensem
869 3078 912 3142 ab
929 3077 1100 3142 infusione.
1141 3078 1181 3141 In
1192 3077 1478 3142 distillationibus
1521 3130 1524 3170 ,

311 3200 389 3243 vero
406 3193 592 3246 aromatum
617 3194 855 3248 maceratorum
874 3181 907 3246 in
922 3183 1039 3266 spiritu
1053 3181 1119 3244 vini
1136 3189 1230 3266 patet
1245 3183 1343 3264 quod
1361 3187 1479 3260 surgat
1524 3188 1526 3251 l

312 3284 420 3368 primo
440 3284 596 3368 phlegma
618 3307 761 3368 aqueum
786 3296 820 3351 et
843 3287 967 3366 inutile,
989 3286 1110 3352 deinde
1132 3307 1221 3369 aqua
1241 3286 1322 3370 plus
1344 3286 1477 3350 habens
1521 3273 1524 3322 '¹

313 3409 357 3451 ex
384 3387 499 3469 spiritu
522 3390 601 3466 vini,
623 3391 743 3456 deinde
770 3400 845 3473 post
871 3411 959 3474 aqua
984 3391 1058 3474 plus
1081 3390 1208 3454 habens
1234 3411 1279 3454 ex
1307 3397 1479 3454 aromate
1525 3358 1529 3435 l

313 3490 429 3573 Atque
452 3490 550 3572 hujus
573 3495 703 3574 generis
725 3493 971 3577 quamplurima
993 3493 1199 3557 inveniuntur
1222 3494 1255 3556 in
1279 3493 1475 3558 distillatio
1522 3484 1529 3630 q

314 3594 410 3658 nibus
426 3603 540 3658 notatu
557 3597 667 3678 digna.
712 3597 836 3661 Verum
853 3597 934 3662 haec
948 3597 1111 3662 sufficiant
1124 3596 1168 3660 ad
1182 3596 1352 3680 exempla.

817 3843 963 3909 XLVII.

360 3984 451 4047 Inter
473 3980 726 4064 praerogativas
755 3981 993 4046 instantiarum
1024 4000 1185 4064 ponemus
1212 3978 1289 4044 loco
1311 3981 1473 4047 vicesimo

316 4088 413 4152 tertio
435 4087 618 4152 Instantius
642 4085 775 4165 Quanti,
792 4105 875 4169 quas
896 4085 998 4150 etiam
1018 4085 1122 4150 Dases
1142 4085 1299 4149 Naturae
1320 4082 1471 4172 (sumpto
1525 4075 1529 4143 ¹,

530 4419 552 4452 ⁴⁷
569 4422 713 4478 Rhubarb.
751 4422 803 4491 Cp.
817 4421 901 4490 Sylva
914 4421 1070 4490 Sylvarum,
1084 4420 1155 4492 Exp.
1170 4434 1210 4490 19.

530 4338 552 4370 ⁴⁸
570 4341 624 4394 See
637 4340 711 4410 Aph.
726 4352 767 4409 51·

530 4503 553 4535 ⁴⁸
572 4507 623 4577 Cp.
637 4507 724 4580 Sylva
736 4505 891 4576 sylvarum,
905 4504 976 4574 Exp.
992 4516 1032 4573 17.

1522 4633 1525 4694 l
