3280 5238
324 363 389 440 484
701 365 858 424 NOVUM
878 367 1098 424 ORGANUM.

325 535 441 599 donari
467 535 575 600 locum
599 534 794 619 ampliorem
820 533 1006 618 occupandi
1033 552 1134 616 quam
1158 531 1246 596 idem
1273 551 1392 616 corpus
1420 551 1483 594 ex-

326 638 473 722 pleverat
484 659 558 704 cum
573 639 701 704 subiret
715 639 855 703 sormam
872 637 1023 722 pulveris,
1035 645 1136 720 atque
1152 637 1228 701 inde
1242 636 1333 718 sequi
1348 646 1481 700 motum

326 743 435 806 istum.
481 743 618 808 Interim
638 743 774 807 minime
792 744 978 816 advertunt,
993 740 1068 806 licet
1088 741 1151 807 hoc
1166 761 1281 805 verum
1300 741 1352 816 sit,
1368 740 1482 822 posito

326 847 416 929 quod
435 845 569 912 flamma
589 858 771 932 generetur,
787 856 898 912 tamen
919 867 1017 930 posse
1037 845 1189 930 impediri
1207 843 1362 910 flammae
1379 864 1481 926 gene·

327 950 488 1016 rationem
510 971 531 1016 a
553 960 646 1016 tanta
676 951 772 1028 mole,
791 971 878 1034 quae
904 951 994 1016 illam
1021 950 1241 1035 comprimere
1263 957 1296 1012 et
1319 947 1481 1012 suffocare

327 1065 447 1136 queat;
474 1065 511 1119 ut
537 1075 603 1119 non
627 1056 812 1120 deducatur
834 1077 885 1120 res
907 1055 950 1119 ad
973 1055 1070 1119 istam
1095 1054 1325 1118 necessitatem
1347 1053 1391 1116 de
1414 1071 1481 1134 qua

327 1157 515 1240 loquuntur.
569 1159 659 1224 Nam
680 1159 771 1243 quod
795 1179 927 1224 necesse
949 1160 991 1223 sit
1014 1159 1083 1222 flen'
1105 1157 1355 1241 expansionem,-
1377 1167 1480 1238 atque

328 1263 405 1328 inde
419 1265 511 1346 sequi
530 1265 739 1329 emissionem
762 1275 820 1330 aut
840 1265 1061 1330 remotionem
1077 1263 1228 1348 corporis
1248 1261 1339 1346 quod
1356 1261 1479 1334 obstat,

325 1368 354 1436 si
374 1379 549 1450 generetur
564 1367 706 1442 flamma,
724 1379 812 1434 recte
831 1379 960 1453 putant.
1007 1367 1075 1432 Sed
1098 1369 1162 1433 ista
1184 1367 1360 1432 necessitas
1382 1365 1480 1449 plane

327 1471 477 1550 evitatur,
502 1473 528 1536 si
556 1471 659 1536 moles
684 1471 740 1536 illa
769 1473 875 1538 solida
901 1471 1071 1537 flammam
1093 1472 1278 1556 supprimat
1301 1479 1479 1550 antequam

327 1585 510 1658 generetur.
555 1575 671 1658 Atque
700 1575 851 1642 videmus
885 1576 1065 1654 flammam,
1090 1575 1281 1659 praesertim
1312 1573 1344 1636 in
1374 1572 1480 1655 prima

326 1680 547 1762 generatione,
564 1680 698 1745 mollem
722 1701 793 1744 esse
813 1691 847 1746 et
867 1679 985 1755 lenem,
1000 1691 1035 1745 et
1050 1681 1216 1762 requirere
1231 1697 1346 1743 cavum
1363 1679 1480 1760 inquo

327 1783 470 1866 experiri
493 1795 526 1848 et
545 1783 658 1848 ludere
678 1785 793 1869 possit.
840 1786 960 1866 ltaque
980 1795 1074 1849 tanta
1088 1783 1246 1848 violentia
1265 1783 1341 1846 huic
1359 1781 1405 1846 rei
1421 1801 1481 1864 per

327 1907 363 1951 se
383 1886 540 1970 assignari
559 1908 625 1952 non
643 1899 764 1971 potest.
810 1887 878 1954 Sed
898 1889 978 1953 illud
997 1909 1131 1954 verum:
1153 1888 1397 1972 generationem
1417 1885 1479 1947 hu-

323 1989 470 2070 jusmodi
493 1990 699 2056 flammarum
722 1992 979 2071 flatulentarum,
998 2002 1033 2057 et
1052 1993 1152 2056 veluti
1173 2003 1344 2056 ventorum
1366 1991 1480 2074 igneo-

328 2113 408 2171 rum,
431 2093 499 2159 fleri
524 2117 568 2158 cx
593 2095 745 2162 conflictu
771 2096 912 2161 duorum
937 2117 1121 2181 corporum,
1141 2115 1321 2178 eorumque
1343 2103 1480 2157 naturae

326 2197 411 2260 inter
436 2219 472 2262 se
498 2197 595 2281 plane
621 2200 820 2276 contrariae3
850 2198 985 2264 alterius
1015 2201 1196 2266 admodum
1228 2198 1481 2272 inflammabilis

327 2322 411 2383 quae
430 2313 547 2368 natura
561 2303 652 2388 viget
667 2303 699 2367 in
720 2303 897 2388 sulphure3
921 2303 1055 2368 alterius
1075 2303 1243 2369 flammam
1263 2303 1480 2377 exhortantis,

327 2405 433 2486 qualis
454 2419 503 2472 est
524 2409 657 2491 spiritus
681 2409 800 2474 crudus
823 2409 880 2490 qui
904 2420 952 2473 est
973 2409 1006 2472 in
1032 2409 1138 2486 nitr03
1159 2410 1245 2473 adeo
1268 2417 1305 2472 ut
1324 2407 1382 2473 flat
1402 2426 1481 2472 con-

327 2509 434 2574 flictus
465 2513 629 2590 mirabilis,
657 2511 883 2576 inflammante
916 2534 952 2576 se
986 2511 1143 2596 sulphure
1176 2523 1338 2596 quantum
1367 2519 1480 2594 potest

328 2623 418 2694 (nam
448 2617 581 2680 tertium
612 2637 740 2698 corpus,
766 2617 920 2680 nimirum
951 2617 1051 2680 carbo
1081 2616 1197 2694 salicis,
1224 2615 1271 2680 nil
1296 2616 1385 2679 aliud
1411 2614 1481 2678 lere

327 2730 483 2802 praestat,
506 2739 606 2802 quam
633 2729 669 2782 ut
694 2720 748 2784 illa
774 2722 841 2784 duo
866 2740 1006 2803 corpora
1033 2721 1220 2804 incorporet
1247 2732 1280 2785 et
1305 2719 1480 2784 commode

329 2821 442 2909 uniat),
462 2835 495 2887 et
518 2834 711 2907 erumpente
733 2825 850 2906 spiritu
874 2825 949 2888 nitri
973 2836 1134 2907 quantum
1158 2835 1277 2907 potest,
1299 2834 1333 2889 ct
1356 2843 1421 2887 una
1443 2843 1482 2886 se

329 2926 488 2992 dilatante
511 2925 600 3012 (nam
624 2929 688 2992 hoc
711 2928 834 2993 iaciunt
857 2937 891 2992 et
913 2935 979 3005 aer,
1001 2939 1035 2994 et
1062 2930 1172 2994 omnia
1196 2929 1307 3002 cruda,
1328 2938 1361 2993 et
1383 2947 1479 3010 aqua,

329 3041 366 3094 ut
383 3053 403 3094 a
423 3031 532 3096 calore
552 3029 753 3117 dilatentur),
769 3043 802 3096 et
823 3054 882 3116 per
901 3033 998 3096 istam
1020 3031 1133 3116 sugam
1152 3043 1186 3098 et
1207 3034 1411 3116 eruptionem
1432 3031 1479 3093 in-

328 3135 423 3198 terim
454 3135 621 3200 flammam
653 3137 826 3221 sulphuris,
850 3147 1009 3220 tanquam
1040 3137 1174 3201 follibus
1204 3136 1349 3215 occultis
1376 3135 1479 3198 unde-

328 3259 460 3321 quaque
482 3239 669 3304 exufflante.

373 3344 528 3408 Poterant
544 3355 654 3407 autem
675 3365 744 3408 esse
761 3345 937 3410 instantiae
950 3347 1054 3410 crucis
1063 3345 1090 3384 ²⁰
1105 3347 1189 3411 circa
1211 3347 1274 3410 hoc
1294 3344 1479 3426 subjectum

327 3448 469 3512 duorum
495 3468 662 3532 generum.
707 3447 860 3513 Alterum
887 3471 999 3514 eorum
1027 3469 1198 3536 corporum
1224 3469 1309 3533 quae
1334 3451 1480 3513 maxime

328 3561 404 3616 sunt
421 3550 676 3627 inflammabilia,
693 3553 805 3635 qualia
825 3566 901 3618 sunt
922 3553 1067 3636 sulphur,
1088 3555 1242 3638 caphura,
1265 3553 1423 3636 naphtha,
1445 3564 1480 3616 et

253 3685 266 3694 ·
327 3655 526 3738 hujusmodi,
541 3676 615 3720 cum
637 3677 750 3720 eorum
774 3659 936 3734 misturis3
959 3678 1045 3740 quae
1065 3658 1161 3723 citius
1180 3667 1212 3722 et
1228 3659 1355 3723 facilius
1370 3658 1479 3721 conci-

327 3759 422 3844 piunt
443 3759 611 3824 flammam
636 3782 735 3844 quam
759 3763 866 3845 pulvis
889 3763 1009 3846 pyrius,
1031 3763 1057 3826 si
1080 3783 1146 3827 non
1169 3762 1408 3846 impediantur:
1435 3783 1480 3824 ex

328 3885 395 3948 quo
416 3865 517 3948 liquet
535 3867 720 3949 appetitum
741 3865 966 3930 inflammandi
990 3887 1103 3950 perse
1124 3867 1278 3930 eflectum
1298 3866 1391 3930 illum
1411 3877 1480 3929 stu-

326 3971 470 4053 pendum
487 3989 553 4033 non
570 3972 707 4052 operari.
752 3969 906 4034 Alterum
928 3991 1042 4035 eorum
1062 3991 1147 4053 quae
1168 3969 1335 4034 flammam
1351 3969 1479 4052 fugiunt

362 4205 384 4238 ⁹⁰
402 4208 495 4262 These
506 4207 625 4262 ‘crucial
638 4207 794 4264 instances'
807 4208 920 4278 dispose
932 4209 964 4263 of
973 4209 1020 4264 the
1033 4208 1102 4263 rival
1115 4209 1289 4280 hypothesis,
1302 4210 1352 4264 but
1365 4208 1432 4279 they
1442 4210 1479 4264 do

326 4305 375 4350 not
387 4295 523 4350 establish
538 4297 654 4351 Bacon's
666 4314 736 4350 own.
775 4298 817 4351 To
830 4307 902 4351 state
914 4296 1106 4367 exhaustively
1117 4297 1165 4353 the
1178 4297 1288 4352 various
1301 4297 1422 4368 possible
1434 4315 1480 4352 ex-

326 4378 485 4448 planations
495 4379 524 4433 in
535 4397 572 4434 an
580 4381 706 4449 example
716 4380 746 4433 oi
751 4379 806 4434 this
815 4380 883 4433 kind
892 4380 1026 4449 impliesa
1036 4381 1079 4434 lar
1086 4398 1164 4436 more
1172 4381 1306 4437 scientiflc
1314 4381 1479 4451 conception

327 4461 357 4516 ol
366 4461 413 4517 the
426 4461 542 4532 subject,
556 4463 623 4518 thau
637 4463 725 4518 either
737 4465 832 4518 Bacon
846 4481 877 4518 or
890 4463 932 4518 his
946 4464 1181 4534 contemporaries
1194 4465 1251 4521 had
1264 4475 1311 4535 yct
1327 4464 1460 4522 attained.
