3280 5238
655 407 734 466 aaa.
757 407 799 464 rt.
822 419 875 479 41·
1275 413 1339 486 507

189 571 335 638 maxima
350 594 394 637 ex
410 583 504 656 parte
519 573 622 639 oculis
639 573 812 638 hominum
834 585 891 638 aut
910 571 1127 657 plurimorum
1149 573 1340 641 animalium

189 697 255 740 non
271 678 501 742 inservientem
514 700 522 758 ;
541 679 619 762 quia
631 678 686 743 illa
698 679 864 754 animalia,
877 680 920 743 ad
932 699 1072 762 quorum
1085 699 1215 744 sensum
1229 680 1341 762 hujus·

189 782 279 844 modi
302 781 362 845 lux
385 793 434 846 est
456 783 714 866 proportionata,
735 793 870 848 cernant
891 792 1009 858 noctu3
1036 783 1069 846 id
1090 786 1180 865 quod
1198 783 1251 848 vel
1272 785 1342 848 sine

189 885 261 948 luce
278 884 356 962 lieri,
368 885 421 949 vel
437 908 495 970 per
512 887 617 951 lucem
634 887 805 965 internam,
822 887 929 950 minus
944 885 1101 951 credibile
1117 896 1177 951 est.

232 987 348 1071 Atque
372 989 452 1052 illud
478 991 590 1072 utique
617 991 799 1055 notandum
825 1000 883 1068 est,
908 991 952 1054 de
976 991 1246 1056 destitutionibus
1269 1011 1343 1056 sen·

189 1113 286 1156 suum
313 1114 493 1176 eorumque
519 1096 672 1160 remediis
701 1097 754 1159 hic
785 1117 845 1160 nos
871 1107 1022 1161 tractare.
1077 1095 1166 1160 Nam
1194 1095 1343 1160 fallaciae

190 1218 344 1261 sensuum
376 1199 419 1262 ad
454 1201 604 1284 proprias
638 1200 864 1283 inquisitiones
895 1201 938 1263 de
968 1221 1064 1264 sensu
1093 1211 1128 1264 et
1158 1199 1343 1265 sensibili⁷⁶

191 1302 408 1366 remittendae
426 1312 520 1367 sunt:
545 1313 686 1386 excepta
705 1303 761 1367 illa
778 1324 898 1387 magna
917 1303 1046 1368 fallacia
1064 1325 1228 1382 sensuum,
1244 1303 1342 1367 nimi-

191 1426 263 1469 rum
283 1407 374 1488 quod
395 1408 597 1472 constituant
620 1408 723 1472 lineas
732 1407 760 1447 ⁷⁰
777 1429 883 1472 rerum
902 1429 946 1471 ex
967 1407 1119 1491 analogia
1140 1407 1291 1480 hominis,
1307 1416 1343 1472 et

191 1529 256 1572 non
270 1531 313 1573 ex
325 1510 478 1594 analogia
488 1513 628 1576 universi
637 1511 678 1588 Π;
693 1532 777 1594 quae
787 1532 853 1576 non
862 1511 1033 1594 corrigitur
1041 1512 1101 1574 nisi
1111 1532 1170 1594 per
1179 1511 1342 1576 rationem

190 1625 223 1678 et
240 1613 483 1698 philosophiam
500 1615 724 1680 universalem.

720 1769 813 1835 XLI.

238 1889 328 1956 Inter
352 1893 604 1975 praerogativas
638 1889 873 1957 instantiarum
910 1903 1084 1976 ponemus·
1106 1891 1179 1957 loco
1213 1889 1345 1957 decimo

194 2005 312 2060 octavo
327 1996 513 2061 Instantius
537 1993 662 2075 Viae⁷⁸,
680 2018 763 2080 quas
782 1997 881 2060 etiam
898 1998 1085 2062 Instantius
1097 1997 1296 2061 Itinerantrs
1311 2005 1344 2060 et

192 2099 594 2164 IrrstantiasArtr'calatas
609 2100 774 2184 appellare
792 2101 1031 2165 consuevimus.
1079 2099 1149 2164 Eae
1168 2110 1245 2165 sunt
1260 2120 1345 2184 quae

194 2203 339 2268 indicant
359 2213 496 2269 naturae
519 2215 628 2270 motus
650 2205 813 2288 gradatim
837 2205 1046 2270 continuatos
1055 2203 1089 2267 ⁷⁹.
1135 2204 1211 2268 Hoc
1233 2215 1345 2268 autem

192 2328 297 2390 genus
315 2309 542 2373 instantiarum
563 2309 674 2394 potius
695 2310 778 2394 sugit
797 2307 1063 2374 observationem
1083 2330 1183 2392 quam
1201 2328 1344 2372 sensum.

196 2412 282 2475 Mira
304 2413 389 2475 enirn
413 2422 463 2476 est
487 2414 659 2477 hominum
684 2415 769 2478 eirca
792 2413 878 2477 hanc
901 2433 970 2476 rem
996 2412 1209 2496 indiligentia.
1256 2410 1345 2476 Con·

195 2514 396 2600 templantur
418 2517 579 2599 siquidem
603 2529 753 2582 naturam
777 2517 1011 2582 tantummodo
1034 2516 1209 2580 desultorie
1232 2527 1266 2582 et
1288 2533 1347 2599 per

195 2621 357 2703 periodos,
368 2632 401 2685 et
416 2631 594 2703 postquam
610 2641 748 2704 corpora
764 2619 883 2685 suerint
898 2620 1052 2685 absoluta
1067 2641 1105 2685 ac
1121 2619 1295 2703 completa,
1313 2629 1345 2683 et

194 2744 261 2787 non
279 2725 311 2787 in
327 2727 521 2807 operatione
536 2747 595 2790 sua
605 2725 641 2789 ⁸⁰.
687 2725 788 2809 Quod
810 2727 836 2788 si
855 2724 990 2789 artificis
1008 2725 1145 2807 alicujus
1165 2724 1296 2808 ingenia
1313 2734 1347 2788 et

230 2925 254 2956 ⁷⁶
273 2928 325 2998 Cp.
340 2928 385 2983 De
396 2931 573 2998 Augmentis,
586 2930 621 2986 iv.
635 2947 651 2999 3
665 2933 710 2998 (E.
724 2931 780 2986 and
793 2932 832 2997 S.,
845 2931 899 2985 vol.
913 2929 930 2983 i.
943 2947 989 3000 pp.
1002 2927 1129 2996 610-13).

229 3008 252 3040 ⁷⁸
272 3012 323 3082 Cp.
338 3012 354 3066 i.
368 3025 419 3082 59:
446 3013 556 3068 ‘Verba
573 3027 667 3069 autem
685 3015 839 3085 plerunque
856 3031 891 3069 ex
909 3022 992 3082 captu
1011 3009 1085 3080 vulgi
1105 3011 1244 3078 induntur,
1263 3019 1348 3082 atque

197 3113 247 3166 per
260 3095 357 3162 lineas,
370 3095 475 3166 vulgari
489 3097 640 3153 intellectui
654 3097 774 3152 maxime
787 3095 963 3167 conspicuas,
975 3112 1019 3150 res
1033 3095 1147 3150 secant.'

231 3177 254 3208 ⁷⁷
275 3179 326 3248 Cp.
340 3179 356 3233 i.
369 3193 413 3244 41.

232 3260 255 3291 ⁷⁸
275 3263 300 3316 lt
314 3262 337 3316 is
350 3263 465 3318 difficolt
478 3274 508 3318 to
520 3263 689 3332 distinguisb
703 3263 828 3320 between
848 3261 904 3318 this
923 3263 997 3317 class
1016 3261 1047 3316 ol
1062 3261 1205 3316 instantes
1223 3257 1281 3314 and
1299 3259 1349 3315 the

198 3345 370 3400 ‘Instantiae
385 3347 558 3416 Migrantes'
569 3348 601 3402 ol
610 3348 635 3402 ii.
650 3362 693 3416 23.
729 3349 782 3402 We
796 3364 870 3415 may,
881 3347 1010 3416 perhaps,
1024 3363 1074 3414 say
1086 3346 1147 3399 that
1160 3346 1206 3399 the
1220 3345 1349 3399 ‘Instan-

197 3428 252 3484 tiae
266 3429 401 3484 viae'are
421 3431 604 3501 propounded
624 3430 688 3486 with
710 3430 851 3486 reference
872 3439 901 3484 to
921 3429 968 3484 the
989 3427 1169 3498 prelimlnary
1187 3444 1301 3497 process
1320 3425 1352 3480 of

93 3551 98 3560 .
196 3512 385 3578 observation,
399 3514 478 3568 while
491 3515 539 3569 the
553 3515 722 3570 ‘Instantiae
738 3513 903 3582 migrantes’
916 3529 965 3566 are
983 3510 1167 3582 propounded
1180 3509 1246 3564 with
1264 3509 1349 3564 refer·

196 3613 264 3650 enee
277 3607 307 3650 to
319 3597 366 3650 the
380 3598 549 3668 subsequent
563 3615 708 3667 processes
720 3597 751 3651 oi
761 3595 918 3664 reasoning.

233 3679 256 3712 ⁷⁹
275 3681 301 3734 lt
313 3679 345 3747 is,
356 3681 486 3751 perhaps,
496 3681 624 3736 needless
637 3693 666 3735 to
679 3679 789 3735 remind
799 3681 846 3735 the
856 3679 994 3734 readerol
1003 3679 1051 3733 the
1061 3679 1125 3732 Law
1134 3676 1166 3731 of
1176 3673 1349 3745 Continuity‚

197 3762 263 3818 with
273 3766 321 3818 the
331 3781 417 3833 many
426 3766 592 3819 marvellous
600 3763 848 3834 exemplifications
858 3763 889 3816 oi
897 3762 918 3816 it
929 3762 1054 3816 afforded
1065 3763 1101 3830 by
1111 3770 1206 3815 recent
1216 3760 1349 3814 observa·

197 3848 272 3903 tions
284 3849 342 3902 and
356 3847 525 3904 discoveries
539 3848 566 3902 in
582 3849 707 3918 Physics,
722 3849 857 3915 Geology,
871 3847 996 3914 Biology,
1009 3847 1069 3911 dre,
1082 3861 1114 3898 as
1126 3845 1187 3898 well
1201 3859 1234 3897 as
1253 3843 1281 3896 in
1300 3843 1350 3897 the

197 3932 323 3986 sciences
335 3949 413 3986 more
426 3919 617 4000 immediately
629 3931 748 4000 relating
761 3941 790 3984 to
802 3932 850 3985 the
869 3929 976 3997 history
987 3927 1044 3982 and
1063 3926 1206 3981 condition
1225 3926 1257 3980 oi
1272 3942 1349 3980 man.

196 4017 237 4069 As
249 4015 367 4084 bearing
380 4032 417 4070 on
431 4015 536 4070 certain
548 4027 660 4086 aspects
672 4015 704 4069 ol
716 4014 745 4082 it,
758 4015 806 4069 the
819 4013 931 4067 student
950 4029 1014 4080 may
1027 4010 1094 4064 read
1107 4009 1172 4063 with
1189 4009 1349 4078 advantage

198 4101 245 4153 tlte
263 4101 356 4168 Essay
368 4117 405 4154 on
423 4097 595 4167 Continuity,
608 4097 757 4168 appended
777 4109 806 4152 to
826 4095 871 4151 Sir
883 4097 928 4150 W.
941 4097 976 4148 R.
990 4093 1108 4150 Grove's
1127 4091 1300 4147 Correlation
1319 4090 1354 4146 οἰ

200 4181 329 4252 Physieal
342 4185 364 4236 F
366 4200 454 4249 orces,
466 4183 580 4251 already
594 4183 713 4238 referred
726 4191 762 4236 to.

234 4265 256 4296 ⁸⁰
275 4267 327 4336 Cp.
341 4268 388 4321 the
401 4265 552 4336 Aphorism
566 4283 602 4320 on
616 4267 715 4320 Latent
731 4267 855 4329 Process,
869 4263 896 4317 ii.
909 4264 942 4318 6:
964 4263 1053 4317 ‘Cum
1071 4259 1146 4314 enim
1165 4256 1255 4312 omnis
1274 4259 1349 4314 actio

199 4349 333 4404 naturalis
352 4368 402 4420 per
420 4349 537 4404 minima
555 4350 732 4418 transigatur,
751 4359 797 4402 aut
817 4349 917 4402 saltem
935 4363 986 4417 per
1004 4345 1051 4399 illa
1069 4361 1139 4414 qnae
1159 4351 1221 4397 sunt
1240 4341 1350 4397 minora

198 4451 283 4504 quam
296 4443 325 4487 ut
339 4450 453 4488 sensum
466 4433 576 4501 feriant,
588 4450 671 4486 nemo
685 4450 714 4487 se
727 4443 857 4486 naturam
870 4447 965 4500 regere
977 4440 1025 4484 aut
1036 4437 1142 4484 vertere
1154 4443 1238 4499 posse
1247 4433 1340 4497 speret

199 4516 253 4574 nisi
266 4515 312 4572 illa
325 4515 421 4573 debito
434 4518 519 4572 modo
532 4515 773 4588 comprehenderit
786 4525 813 4571 et
826 4512 981 4570 notaverit.’
