3280 5238
646 377 726 433 rra.
749 377 791 434 rr.
808 371 860 457 36.
1273 391 1335 460 471

189 541 383 620 subsidens;
413 542 439 606 si
463 541 615 607 forte'ita
638 545 794 608 acciderit
817 555 854 608 ut
876 542 1039 629 (diligenti
1062 547 1149 613 facto
1171 547 1339 634 examine)

190 647 355 729 rejiciatur
382 657 491 712 motus
518 647 609 724 alter,
632 649 675 713 de
700 669 767 730 quo
793 649 948 726 diximus,
972 652 1206 734 progressivus.
1249 654 1338 718 Tum

189 772 268 816 vero
292 751 354 816 erit
380 752 512 816 trivium
542 753 627 817 circa
653 751 738 817 hanc
765 763 916 816 naturam
941 753 1017 818 tale.
1064 756 1208 822 Necesse
1230 766 1280 822 est
1303 767 1339 822 ut

191 866 300 920 motus
331 856 401 932 iste,
431 876 489 939 per
516 875 618 939 quem
651 877 757 940 aquae
787 858 819 920 in
850 857 995 924 fluxibus
1028 870 1063 925 ct
1091 861 1273 926 refluxibus
1304 881 1340 926 se

190 959 347 1024 attollunt
356 969 390 1024 et
401 980 511 1024 rursus
520 959 718 1036 relabuntur,
728 960 854 1044 absque
863 959 973 1045 aliqua
983 965 1171 1028 accessione
1179 985 1340 1047 aquarum

191 1064 328 1130 aliarum
345 1084 430 1147 quae
445 1064 674 1142 advolvuntur,
691 1064 749 1129 fiat
764 1084 823 1146 per
838 1085 939 1128 unum
961 1087 1004 1130 ex
1025 1067 1076 1132 his
1092 1069 1197 1132 tribus
1214 1068 1338 1133 modis:

190 1168 242 1232 vel
265 1169 355 1249 quod
380 1169 443 1232 ista
465 1189 625 1250 aquamm
652 1169 749 1251 copia
775 1179 906 1233 emanet
932 1191 976 1234 ex
1005 1171 1213 1236 interioribus
1235 1181 1340 1236 terrae

190 1281 225 1338 et
240 1289 350 1336 rursus
369 1273 401 1336 in
419 1273 474 1338 illa
491 1293 526 1336 se
545 1273 680 1356 recipiat
690 1272 734 1350 ⁸⁵3
757 1272 808 1336 vel
824 1275 915 1355 quod
931 1295 996 1338 non
1012 1276 1055 1338 sit
1070 1276 1181 1358 aliqua
1198 1277 1340 1360 amplior

193 1377 296 1440 moles
318 1396 489 1459 aquarum,
507 1378 566 1442 sed
589 1377 679 1460 quod
702 1378 839 1441 eaedem
862 1397 967 1461 aquae
989 1375 1070 1462 (non
1095 1391 1193 1446 aucto
1216 1391 1341 1463 quanto

192 1477 267 1564 suo)
292 1481 516 1544 extendantur
544 1481 612 1544 sive
642 1479 805 1554 rarefiant,
833 1481 880 1545 ita
910 1492 946 1546 ut
978 1481 1138 1564 majorem
1167 1483 1277 1548 locum
1308 1495 1341 1548 et

191 1585 430 1649 dimensionem
452 1595 624 1668 occupent,
644 1594 678 1649 et
705 1603 814 1650 rursus
840 1605 875 1650 se
901 1585 1151 1662 contrahant⁸⁶5
1175 1587 1226 1651 vel
1251 1589 1341 1670 quod

191 1709 251 1754 nec
276 1689 372 1772 copia
394 1690 530 1754 accedat
555 1687 662 1770 major
687 1707 746 1754 nec
772 1689 922 1754 extensio
949 1690 1100 1773 amplior,
1124 1692 1181 1756 sed
1205 1693 1341 1756 eaedem

192 1813 298 1876 aquae
325 1789 437 1878 (prout
468 1803 544 1858 sunt
570 1804 640 1857 tarn
670 1793 765 1876 copia
791 1813 890 1875 quam
916 1794 1081 1860 densitate
1110 1806 1167 1859 aut
1194 1792 1342 1878 raritate)

192 1917 252 1980 per
272 1898 341 1962 vim
363 1897 509 1979 aliquam
534 1893 789 1980 magneticam⁸⁷
811 1898 953 1979 desuper
978 1919 1034 1962 eas
1060 1900 1285 1964 attrahentem
1309 1909 1342 1964 et

228 2084 251 2118 ⁸⁶
269 2086 440 2142 ‘Dubitatur
450 2086 604 2142 etiamnum
617 2088 716 2160 quibus
729 2106 762 2142 ex
774 2087 865 2143 causis
878 2087 1045 2144 intumescat
1059 2091 1198 2157 Oceanus,
1211 2092 1255 2146 vel
1274 2109 1343 2162 qua-

193 2181 281 2238 tenus,
291 2188 355 2226 cum
369 2171 522 2240 superfluus
536 2171 587 2226 sibi
598 2171 687 2238 fuerit,
698 2189 793 2226 rursus
806 2171 835 2225 in
848 2188 878 2226 se
890 2171 1004 2227 residat.
1042 2173 1105 2229 Nec
1118 2171 1146 2227 in
1159 2175 1279 2228 obscuro
1292 2184 1343 2240 est,
1446 2185 1451 2193 ·

193 2257 329 2326 plurapro
337 2253 455 2323 ingeniis
463 2254 657 2322 differentium,
666 2255 758 2326 potius
766 2271 850 2325 quam
861 2271 911 2325 pro
919 2255 1043 2310 veritatis
1052 2256 1108 2312 fide
1117 2274 1255 2328 expressa.
1288 2257 1344 2312 Sed

192 2338 298 2394 omisso
307 2337 422 2407 ancipiti
431 2337 652 2392 concurrentium
660 2337 855 2408 quaestionum
864 2339 917 2392 has
926 2338 1071 2408 opiniones
1082 2339 1292 2410 probatissimas
1302 2340 1344 2395 in·

193 2421 328 2477 venimus.
354 2420 1344 2492 Physiciaiunt,mundumanimalesse,eumque,exuariiselementorum

193 2510 356 2580 corporibus
367 2510 573 2578 conglobatum,
587 2509 690 2564 moveri
703 2509 810 2580 spiritu,
824 2508 882 2579 regi
895 2520 1006 2565 mente:
1025 2527 1096 2582 quae
1109 2521 1224 2582 utraque
1243 2511 1345 2568 diffusa

193 2614 243 2666 per
255 2598 380 2652 membra
392 2597 488 2651 omnia
500 2606 629 2652 aeternae
642 2597 724 2652 molis
736 2597 859 2666 vigorem
872 2609 1027 2654 exerceant.
1063 2599 1142 2653 Sicut
1154 2616 1220 2668 ergo
1239 2599 1266 2654 in
1285 2617 1345 2655 cor-

194 2680 306 2753 poribus
315 2680 417 2735 nostris
425 2681 593 2736 commercia
603 2691 665 2735 sunt
676 2681 819 2750 spiritalia,
825 2680 864 2736 ita
874 2681 902 2736 in
911 2681 1170 2751 profundisOceani
1175 2699 1345 2753 naresquas·

194 2765 261 2819 dam
274 2765 371 2820 mundi
381 2764 555 2831 constitutas,
567 2782 616 2834 per
626 2781 695 2834 quas
705 2763 801 2819 emissi
811 2763 961 2831 anhelitus,
972 2765 1016 2819 vel
1026 2764 1142 2831 reducti,
1153 2766 1238 2820 modo
1248 2765 1345 2821 inflent

194 2849 530 2915 maria,modorevocent.
552 2847 1345 2920 Athi,quisiderumsequunturdisciplinam,contendunt

194 2946 303 2991 meatus
314 2934 381 2990 istos
392 2935 562 2990 commoveri
572 2937 654 2990 lunae
664 2935 804 2991 cursibus:
818 2936 890 2992 adeo
899 2934 1138 2992 utvicissitudiues
1145 2935 1217 2992 inter
1226 2935 1345 2991 maciem

194 3041 330 3095 aquarum
338 3034 366 3079 et
375 3022 576 3094 plenitudinem
585 3023 735 3095 respiciant
745 3025 880 3080 adauctus
888 3024 949 3094 ejus
957 3025 1002 3078 vel
1011 3023 1127 3094 eliquia:
1148 3023 1345 3094 nequeeodem

195 3130 306 3183 semper
317 3122 451 3182 tempore,
464 3112 515 3167 sed
527 3124 607 3182 prout
621 3112 668 3168 illa
679 3122 728 3168 aut
741 3112 891 3182 minuatur,
903 3121 951 3168 aut
964 3122 1080 3179 crescat,
1093 3111 1194 3167 variari
1207 3114 1345 3167 alternan-

194 3205 236 3251 tes
249 3197 393 3251 recursus.’
438 3195 525 3250 Solini
545 3196 710 3264 Polyhistor.
729 3211 790 3264 cap.
808 3195 879 3250 rnriii.
898 3196 936 3250 ad
955 3196 1004 3249 fin.
1042 3196 1092 3264 Cp.
1112 3195 1178 3249 with
1197 3195 1245 3250 the
1264 3196 1347 3250 latter

195 3279 310 3350 opinion
331 3277 433 3348 (which
451 3278 475 3334 is
494 3289 523 3334 to
542 3281 577 3334 be
594 3279 680 3334 found
700 3279 728 3334 in
747 3279 795 3334 the
814 3277 1121 3335 Pseudo-Aristotelian
1139 3279 1263 3346 trcatise,
1282 3279 1347 3345 Περὶ

196 3365 311 3432 Κόσμον,
324 3364 368 3417 ch.
380 3378 406 3433 4.
420 3381 447 3434 p.
460 3364 513 3432 39⁶
525 3381 550 3417 a
564 3363 654 3433 25-7),
670 3362 757 3433 Pliny,
772 3363 840 3417 Nat.
855 3363 930 3418 Hist.
944 3361 971 3416 ii.
984 3375 1018 3432 97
1034 3361 1100 3430 (99),
1120 3370 1187 3416 sect.
1206 3375 1267 3428 212,
1286 3362 1346 3430 dre,

195 3452 258 3506 who
270 3452 356 3506 refers
369 3451 416 3506 the
429 3451 501 3506 tides
514 3453 604 3507 rothe
612 3451 685 3521 joint
698 3451 790 3506 action
803 3451 835 3506 of
843 3452 891 3507 the
905 3452 964 3506 Sun
975 3450 1034 3505 and
1048 3451 1146 3504 Moon.

231 3533 253 3564 ²⁶
271 3534 342 3590 This
352 3535 441 3590 would
454 3536 489 3590 be
501 3536 549 3591 the
561 3535 674 3606 opinion
686 3535 718 3590 of
727 3533 854 3590 Telesius
866 3534 924 3589 and
934 3533 1078 3602 Patricius,
1088 3533 1209 3589 referred
1219 3543 1247 3589 to
1256 3533 1347 3590 above

196 3619 225 3674 in
237 3629 304 3674 note
317 3631 359 3688 79.
396 3618 459 3674 The
471 3636 549 3674 same
561 3619 660 3688 theory
672 3618 696 3672 is
709 3617 880 3673 maintained
893 3618 930 3687 by
944 3617 1134 3688 Campanella

228 3700 250 3732 ⁸⁷
270 3703 324 3757 See
344 3702 460 3767 Gilbert,
475 3703 522 3757 De
542 3704 682 3772 Magnete,
694 3701 742 3756 lib.
755 3700 782 3755 ii.
796 3717 858 3771 cap.
880 3702 912 3756 16
930 3701 967 3756 ad
986 3701 1033 3755 fin.
1070 3701 1154 3755 From
1173 3699 1232 3755 him
1251 3702 1347 3756 Bacon

196 3803 262 3855 may
273 3785 346 3840 have
358 3785 443 3840 taken
456 3786 504 3842 the
517 3785 590 3854 idea,
602 3785 702 3852 which,
716 3783 739 3839 if
748 3801 788 3840 we
801 3801 932 3856 compare
944 3785 993 3840 the
1008 3800 1127 3856 passage
1145 3801 1181 3840 nn
1198 3785 1346 3840 attraction

196 3869 225 3924 in
237 3869 312 3940 Aph.
324 3881 368 3938 45,
381 3870 417 3923 he
428 3867 570 3939 evidently
582 3885 673 3924 seems
686 3867 808 3924 inclined
821 3877 850 3922 to
862 3868 949 3940 adopt
967 3867 995 3923 in
1014 3867 1156 3924 reference
1174 3877 1203 3922 to
1217 3867 1265 3922 the
1280 3866 1346 3937 phe·

197 3969 318 4008 nomena
330 3953 362 4007 of
371 3953 467 4022 spring
478 3953 535 4008 and
548 3969 620 4021 neap
630 3952 711 4007 tides.

234 4038 267 4090 ln
282 4037 410 4107 Kepler’s
422 4037 554 4107 Epitome
565 4035 763 4092 Astronomiae
776 4033 995 4107 Coperuicanae,
1007 4033 1156 4106 publishcd
1168 4033 1197 4088 in
1217 4033 1292 4098 1618,
1306 4051 1347 4088 we

197 4123 257 4179 find
269 4125 317 4180 the
329 4125 468 4194 following
480 4141 613 4195 passage:
635 4124 896 4194 ‘Quemadmodum
909 4122 1000 4193 igitur,
1009 4131 1039 4176 ut
1051 4123 1170 4190 Magnes
1185 4123 1348 4190 Magnetem

197 4218 245 4264 aut
257 4208 360 4263 ferrum
373 4209 475 4277 trahat,
488 4207 617 4278 cognatio
629 4224 777 4278 corporum
789 4207 892 4264 efficit:
917 4205 957 4262 sic
975 4205 1060 4261 etiam
1079 4206 1115 4260 de
1134 4203 1214 4258 Luna
1231 4221 1287 4258 non
1306 4213 1350 4259 est

198 4294 367 4364 incredibile,
380 4305 409 4350 ut
423 4296 470 4352 illa
482 4306 629 4352 moveatur
640 4315 658 4352 a
670 4297 775 4351 Terrae
788 4305 907 4365 cognato
920 4309 1052 4363 corpore:
1078 4291 1142 4348 licet
1160 4309 1213 4348 nec
1230 4291 1277 4346 hic
1296 4307 1347 4346 nec

197 4383 253 4440 illic
266 4383 419 4442 intercedat
432 4384 532 4456 aliquis
544 4393 690 4440 contactus
702 4400 856 4452 corporum.
891 4384 1028 4454 Adeoque
1040 4380 1106 4452 quid
1119 4380 1228 4448 mirum,
1238 4381 1348 4436 Lunam

197 4485 215 4522 a
237 4477 312 4526 terra
331 4467 446 4538 moveri,
466 4485 531 4524 cum
550 4467 697 4524 videamus
716 4466 839 4526 vicissim
862 4476 890 4524 et
916 4467 1024 4522 Lunam
1048 4465 1242 4529 transitumn
1265 4479 1349 4533 super
