3250 5138
648 389 727 445 nm.
751 391 793 446 ll.
817 393 869 463 50·
1271 393 1337 464 575

182 555 240 620 sed
257 553 490 631 transitoriam,
507 564 540 620 et
556 555 716 620 nitentem
732 574 864 640 semper
879 555 921 619 ad
941 554 1183 620 restitutionem
1202 565 1236 621 et
1255 556 1337 620 libe-

182 660 345 724 rationem
361 660 420 723 sui.
451 660 615 724 Attamen
632 679 697 723 non
714 660 773 723 abs
789 680 824 723 re
840 660 924 723 soret
939 659 1038 740 hujus
1054 661 1098 723 rei
1112 660 1219 724 lacere
1234 681 1336 743 expe-

183 764 324 828 rimenta
339 762 450 846 aliqua
465 764 695 846 diligentiora3
719 764 762 827 ad
778 763 842 828 hoc
853 764 988 842 scilicet,
1001 774 1111 828 utrum
1124 764 1338 828 condensatio

182 867 329 950 corporis
343 868 428 932 bene
443 868 596 931 similaris
611 863 734 950 (qualia
749 877 828 931 sunt
845 875 911 944 aer,
925 888 1022 950 aqua,
1037 867 1156 944 oleum,
1173 878 1207 932 et
1224 867 1338 949 hujus·

184 969 297 1056 modi),
310 981 368 1035 aut
380 971 554 1035 rarefactio
565 971 716 1035 similiter
726 992 786 1053 per
796 972 990 1036 violentiam
1001 971 1114 1050 indita,
1128 971 1255 1054 possint
1267 969 1337 1035 fieri

182 1084 372 1138 constantes
395 1084 429 1138 et
451 1074 539 1138 fixae
562 1081 595 1137 et
616 1075 710 1157 quasi
732 1085 880 1139 mutatae
901 1076 933 1139 in
954 1084 1105 1140 naturam
1116 1073 1139 1138 ⁴.
1185 1075 1225 1138 Id
1245 1076 1336 1157 quod

183 1180 292 1261 primo
307 1179 544 1262 experiendum
560 1199 619 1262 per
635 1199 762 1242 moram
777 1179 981 1262 simplicem3
1004 1179 1125 1242 deinde
1140 1198 1199 1262 per
1212 1178 1338 1244 auxilia

181 1291 216 1348 et
229 1303 414 1347 consensus.
443 1283 558 1366 Atque
573 1281 652 1346 illud
669 1283 765 1347 nobis
777 1283 809 1345 in
826 1293 982 1367 promptu
997 1283 1112 1346 suisset
1127 1279 1168 1366 (si
1183 1283 1285 1346 modo
1302 1282 1335 1346 in

185 1397 328 1450 mentem
344 1384 510 1471 venisset),
526 1406 601 1451 cum
617 1406 738 1469 aquam
755 1383 811 1470 (de
827 1408 893 1470 qua
908 1386 986 1450 alibi
997 1384 1023 1472 ὃ)
1036 1407 1094 1469 per
1109 1386 1337 1450 malleationes

185 1501 218 1555 et
230 1492 393 1574 pressoria
403 1491 685 1566 condensavimus,
697 1500 875 1574 antequam
885 1501 1081 1574 erumperet.
1107 1490 1337 1554 Debueramus

185 1596 271 1659 enim
284 1593 459 1677 sphaeram
472 1594 717 1677 complanatam
730 1615 789 1677 per
799 1595 927 1676 aliquot
938 1593 1009 1658 dies
1024 1595 1085 1658 sibi
1097 1594 1290 1678 permisisse,
1302 1603 1336 1658 et

184 1707 255 1762 tum
268 1699 402 1762 demum
415 1718 535 1781 aquam
549 1701 753 1777 extraxisse3
773 1710 810 1763 ut
827 1698 921 1765 fieret
936 1699 1210 1783 experimentum,
1226 1709 1335 1762 utrum

184 1804 298 1867 statim
318 1801 494 1884 impletura
516 1802 630 1867 luisset
650 1802 752 1867 talem
771 1803 1021 1878 dimensionem,
1041 1801 1173 1886 qualem
1191 1801 1336 1866 habebat

184 1917 261 1972 ante
275 1907 578 1971 condensationem.
606 1905 706 1990 Quod
719 1907 746 1970 si
758 1927 824 1970 non
835 1907 965 1971 lecisset
977 1916 1035 1971 aut
1047 1907 1170 1978 statim,
1181 1915 1239 1970 aut
1249 1916 1338 1970 certe

184 2009 285 2093 paulo
300 2019 386 2093 post,
398 2021 554 2075 constans
566 2011 719 2075 videlicet
731 2009 818 2075 sacta
829 2010 932 2074 videri
944 2011 1107 2092 potuisset
1120 2011 1183 2074 ista
1194 2010 1336 2075 conden-

185 2115 291 2191 satio;
321 2115 370 2178 sin
394 2115 511 2194 minus,
534 2114 739 2197 apparuisset
762 2114 884 2178 laetam
907 2113 1005 2178 luisse
1027 2115 1279 2188 restitutionem,
1303 2123 1336 2179 et

185 2218 461 2301 compressionem
478 2218 578 2284 luisse
594 2217 825 2282 transitoriam.
860 2217 974 2281 Etiam
990 2217 1097 2281 simile
1113 2219 1272 2299 quiddam
1288 2218 1337 2282 sa-

185 2323 337 2385 riendum
352 2333 423 2387 erat
438 2323 524 2387 circa
539 2322 767 2387 extensionem
784 2321 868 2386 aeris
887 2321 920 2385 in
935 2321 1005 2385 ovis
1019 2321 1131 2385 vitreis
1142 2322 1163 2386 ὓ.
1202 2322 1335 2386 Etenim

184 2427 344 2491 debuerat
365 2425 443 2504 fieri,
459 2436 536 2510 post
557 2426 768 2490 exuctionem
790 2424 919 2502 sortem,
940 2425 1051 2490 subita
1070 2435 1104 2489 et
1124 2425 1217 2490 firma
1238 2425 1336 2490 obtu-

184 2531 288 2608 ratio;
311 2530 432 2594 deinde
446 2531 628 2594 debuerant
643 2550 705 2594 ova
721 2528 776 2592 illa
793 2549 926 2593 manere
943 2530 988 2594 ita
1004 2530 1158 2593 obturata
1176 2549 1235 2613 per
1253 2551 1336 2594 non·

184 2634 291 2697 nullos
307 2634 395 2712 dies;
419 2644 452 2698 et
467 2644 539 2698 tum
555 2636 689 2698 demum
706 2633 944 2717 experiendum
957 2633 1080 2711 luisset,
1094 2643 1204 2698 utrum
1220 2644 1337 2715 aperto

184 2738 343 2802 foramine
366 2746 527 2803 attractus
549 2737 663 2802 luisset
686 2745 742 2800 aer
764 2758 839 2801 cum
861 2737 968 2816 sibilo,
990 2747 1048 2802 aut
1072 2739 1172 2801 etiam
1194 2749 1336 2803 attracta

183 2841 295 2906 luisset
311 2852 405 2906 tanta
421 2842 588 2924 quantitas
600 2861 707 2924 aquae
719 2852 796 2923 post
813 2841 1064 2916 immersionem,
1080 2852 1205 2923 quanta
1221 2841 1336 2907 luisset

184 2947 227 3011 ab
243 2946 342 3025 initio,
358 2947 385 3010 si
402 2945 493 3010 nulla
509 2946 660 3009 adhibita
681 2944 796 3010 luisset
817 2966 918 3010 mora.
965 2945 1140 3009 Probabile
1161 2945 1258 3020 enim,
1279 2957 1337 3010 aut

184 3049 303 3116 saltem
330 3051 468 3134 dignum
492 3050 690 3134 probatione
714 3060 773 3125 est,
797 3049 878 3113 haec
901 3048 971 3112 fieri
994 3050 1140 3132 potuisse
1163 3060 1196 3114 et
1219 3071 1337 3134 posse;

184 3164 359 3237 propterea
393 3155 484 3236 quod
521 3155 554 3217 in
587 3153 780 3236 corporibus
812 3151 912 3236 paulo
946 3153 1051 3234 magis
1086 3153 1337 3218 dissimilaribus

183 3258 303 3321 similia
332 3258 451 3322 efficiat
482 3275 575 3321 mora
604 3258 772 3340 temporis.
818 3255 953 3320 Etenim
980 3255 1134 3320 baculum
1162 3277 1220 3340 per
1246 3278 1337 3323 com-

182 3361 384 3444 pressionem
403 3371 573 3425 curvatum
594 3369 671 3444 post
691 3360 827 3443 aliquod
847 3371 979 3443 tempus
1000 3380 1066 3423 non
1086 3359 1207 3439 resilit3
1230 3382 1338 3444 neque

184 3465 217 3528 id
244 3467 475 3549 imputandum
503 3475 553 3529 est
580 3464 677 3528 alicui
704 3464 923 3547 deperditioni
950 3485 994 3527 ex
1021 3475 1148 3546 quanto
1174 3463 1253 3549 ligni
1280 3487 1339 3548 per

183 3588 331 3644 moram3
363 3589 439 3633 nam
465 3570 553 3633 idern
579 3568 637 3633 fiet
662 3569 695 3633 in
722 3569 844 3633 lamina
867 3569 942 3632 ferri
967 3565 1007 3652 (si
1035 3581 1197 3653 augeatur
1221 3567 1336 3656 mora),

183 3692 269 3755 quae
284 3693 349 3736 non
366 3684 417 3736 est
431 3672 635 3755 expirabilis.
663 3671 763 3754 Quod
779 3673 807 3735 si
823 3692 889 3735 non
904 3675 1060 3738 succedat
1072 3675 1337 3757 experimentum

183 3796 243 3860 per
261 3797 385 3840 moram
407 3776 600 3860 simplicem,
622 3786 734 3840 tamen
755 3797 821 3841 non
841 3777 1060 3841 deserendum
1083 3789 1134 3842 est
1156 3779 1336 3862 negotium,

182 3881 241 3944 sed
272 3881 397 3944 auxilia
422 3879 486 3945 alia
511 3881 710 3946 adhibenda.
756 3882 834 3945 Non
861 3882 950 3946 enim
978 3901 1093 3964 parum
1120 3880 1200 3946 lucri
1230 3882 1279 3961 fit,
1307 3885 1334 3947 si

218 4083 230 4114 ⁴
249 4085 322 4138 Both
341 4101 424 4154 gases
442 4085 499 4140 and
518 4084 619 4155 liquids
637 4101 687 4139 are
704 4085 839 4155 periectly
857 4083 972 4150 elastic3
1004 4084 1064 4139 that
1085 4082 1109 4137 is
1133 4093 1164 4138 to
1190 4101 1248 4152 say,
1267 4086 1339 4141 alter

182 4165 357 4237 undergoing
370 4187 387 4222 a
400 4169 509 4238 change
523 4168 550 4222 in
564 4169 685 4235 volume,
697 4169 764 4238 they
775 4168 872 4238 regain
885 4170 995 4236 exactly
1004 4167 1078 4221 their
1090 4167 1207 4236 original
1218 4169 1338 4238 volume,

183 4250 265 4304 when
278 4251 326 4306 the
340 4249 457 4322 original
471 4269 600 4322 pressure
613 4252 638 4308 is
651 4253 786 4309 restored.
823 4251 893 4308 This
905 4251 961 4306 lact
975 4251 1027 4306 has
1037 4251 1109 4306 been
1120 4251 1291 4308 established
1301 4253 1339 4323 by

185 4350 336 4390 numerous
349 4335 545 4405 experimenta

220 4413 278 4472 *it
291 4430 325 4486 45
339 4419 377 4474 ad
391 4419 437 4476 fin.

220 4498 277 4557 ‘ii
290 4514 335 4568 45.
