3342 5152
686 371 766 428 LIB.
788 373 831 432 Il.
856 379 885 449 7.
1298 385 1361 454 355

208 541 343 604 obvium
360 540 520 623 quiddam
535 547 595 615 est,
610 549 643 602 et
659 538 691 602 in
707 550 864 623 promptu
880 541 991 617 situm,
1008 560 1087 624 prae
1102 541 1270 605 anatomia
1285 562 1361 606 vera

207 644 431 708 schematrsnn'
443 643 575 707 latentis
590 643 624 706 in
640 643 829 725 corporibus
844 664 930 726 quae
950 644 1115 709 habentur
1136 666 1196 728 pro
1211 646 1362 709 similari·

209 746 320 812 bus⁴¹:
344 749 536 832 praesertim
558 748 592 810 in
611 748 709 812 rebus
724 746 953 832 specificatis⁴²
969 759 1002 812 et
1018 770 1130 812 earum
1151 751 1308 834 partibus,
1325 763 1361 814 ut

208 853 291 930 ferri,
314 852 453 934 lapidis;
476 862 510 918 et
533 852 682 936 partibus
700 853 901 918 similaribus
921 853 1061 934 plantae,
1080 855 1242 932 animalis,
1258 854 1361 918 veluti

208 957 334 1030 radicis,
353 957 433 1030 lolii,
456 957 552 1032 floris,
574 958 689 1036 carnis,
709 958 885 1042 sanguinis,
908 958 999 1033 ossis,
1023 969 1085 1022 etc.
1131 958 1181 1022 At
1203 959 1304 1023 etiam
1328 961 1361 1022 in

208 1062 272 1125 hoc
287 1082 406 1145 genere
420 1082 488 1126 non
505 1083 638 1145 prorsus
656 1064 796 1126 cessavit
811 1063 971 1126 industria
987 1062 1150 1138 humana;
1174 1064 1237 1128 hoc
1253 1065 1360 1147 ipsum

209 1165 296 1229 enim
319 1165 424 1229 innuit
446 1166 611 1248 separatio
633 1186 808 1250 corporum
835 1165 1028 1231 similarium
1050 1187 1110 1250 per
1131 1167 1361 1231 distillationes

209 1279 242 1334 et
257 1268 340 1333 alios
354 1270 559 1335 solutionum
576 1271 702 1348 modos,
716 1281 752 1335 ut
764 1270 1003 1335 dissimilaritas
1018 1271 1192 1354 compositi
1209 1291 1267 1352 per
1283 1292 1361 1335 con·

208 1375 434 1457 gregationem
456 1374 599 1457 partium
621 1374 902 1459 homogenearum
925 1384 1092 1459 appareat.
1137 1375 1239 1458 Quod
1260 1376 1360 1440 etiam

209 1499 254 1540 ex
275 1498 335 1542 usu
359 1490 419 1556 est,
438 1488 471 1542 et
491 1479 569 1543 iacit
589 1479 633 1543 ad
655 1477 688 1543 id
712 1481 802 1562 quod
823 1479 1030 1562 quaerimus3
1057 1478 1135 1544 licet
1156 1481 1286 1562 saepius
1310 1501 1361 1545 res

208 1581 311 1647 fallax
329 1584 393 1658 sit;
415 1583 493 1666 qnia
515 1583 700 1668 complures
720 1594 857 1648 naturae
879 1584 1079 1666 separationi
1100 1585 1305 1665 imputantur
1325 1595 1360 1649 et

208 1687 440 1764 attribuuntur,
455 1706 494 1751 ac
509 1688 536 1750 si
556 1688 646 1771 prius
665 1688 890 1753 substitissent
901 1688 935 1751 in
946 1689 1140 1770 composito,
1149 1708 1232 1770 quas
1249 1708 1361 1752 revera

208 1790 291 1872 ignis
307 1801 340 1854 et
358 1790 447 1856 calor
462 1801 495 1854 et
509 1791 565 1856 alii
581 1793 672 1855 modi
684 1792 893 1876 apertionem
906 1793 949 1856 de
964 1812 1050 1857 novo
1067 1792 1184 1855 indunt
1199 1802 1232 1856 et
1247 1813 1359 1876 super·

209 1896 377 1959 inducunt.
424 1893 491 1960 Sed
510 1904 543 1959 et
564 1897 646 1960 haec
664 1916 796 1978 quoque
819 1916 920 1979 parva
935 1916 1010 1979 pars
1024 1904 1075 1959 est
1091 1896 1198 1979 operis
1211 1897 1254 1960 ad
1271 1895 1360 1960 inve·

210 1999 638 2064 niendumsclrematismum
649 2020 763 2064 verum
773 2002 806 2063 in
817 2001 1024 2082 composito;
1047 1999 1103 2081 qui
1115 1998 1361 2063 schematumus

208 2125 258 2168 res
274 2113 323 2168 est
338 2101 437 2186 longe
451 2102 603 2168 subtilior
620 2115 653 2167 et
667 2106 857 2180 accuratior,
873 2113 905 2167 et
922 2105 964 2167 ab
980 2104 1136 2187 operibus
1152 2102 1235 2186 ignis
1250 2103 1360 2187 potius

208 2208 417 2272 confunditur
432 2229 533 2291 quam
548 2209 672 2272 eruitur
687 2219 720 2272 et
735 2207 897 2274 elucescit.

253 2313 371 2395 Itaque
387 2312 536 2376 iacienda
557 2321 607 2376 est
629 2332 804 2396 corporum
821 2312 984 2396 separatio
1005 2321 1037 2374 et
1058 2311 1197 2375 solutio:
1219 2330 1285 2374 non
1301 2332 1360 2396 per

209 2419 318 2499 ignem
347 2427 443 2494 certe,
469 2417 527 2480 sed
555 2436 614 2498 per
642 2418 803 2480 rationem
830 2426 862 2479 et
889 2414 1105 2480 inductionem
1133 2436 1255 2490 veram,
1283 2435 1358 2478 cum

208 2522 445 2605 experimentis
462 2521 677 2586 auxiliaribus
691 2543 699 2598 ;
720 2530 754 2585 et
774 2540 833 2604 per
854 2521 1133 2604 comparationem
1149 2520 1191 2583 ad
1207 2519 1273 2582 alia
1288 2539 1358 2584 cor-

209 2646 297 2708 pora,
314 2635 347 2689 et
366 2626 589 2689 reductionem
607 2627 651 2689 ad
672 2635 805 2689 naturas
826 2624 991 2708 simplices
1010 2634 1043 2688 et
1064 2644 1175 2687 earnm
1191 2621 1357 2700 formas⁴³‚

244 2877 265 2912 ⁴¹
284 2882 360 2936 That
378 2879 409 2948 is,
422 2879 514 2935 which
532 2897 580 2935 are
597 2880 816 2950 homogeneous.
853 2881 879 2934 It
897 2879 921 2934 is
941 2879 1161 2950 comparatively
1172 2895 1240 2949 easy
1252 2889 1282 2934 to
1299 2878 1358 2933 dis·

208 2965 331 3036 tinguish
345 2965 567 3033 heterogeneous
586 2974 683 3034 parts;
702 2965 751 3018 but
764 2964 812 3018 the
825 2973 958 3033 anatomy
971 2963 1062 3018 which
1081 2973 1215 3034 attempts
1232 2973 1261 3017 to
1274 2979 1358 3033 pene-

208 3059 280 3104 trate
292 3059 322 3104 to
335 3049 382 3104 the
400 3048 529 3103 ultimate
542 3057 679 3104 structure
692 3047 724 3102 ol
739 3047 950 3116 homogeneous
969 3057 1072 3102 matter
1088 3062 1225 3116 proposes
1238 3056 1267 3101 to
1285 3045 1363 3100 itseli

207 3150 225 3188 a
237 3133 302 3187 task
314 3131 346 3187 oi
355 3131 567 3200 incomparably
578 3139 690 3200 greater
701 3130 844 3199 difficulty.

242 3213 265 3246 ⁴¹
282 3217 326 3285 By
347 3217 407 3270 ‘res
429 3213 625 3286 specificatae’
649 3232 707 3269 was
729 3224 824 3269 meant
848 3212 944 3283 things
969 3212 1066 3282 falling
1089 3214 1179 3267 under
1203 3229 1220 3268 a
1241 3211 1357 3268 definite

207 3298 324 3370 species,
337 3316 370 3354 as
389 3298 515 3370 opposed
534 3308 564 3353 to
583 3315 659 3353 mere
678 3308 845 3367 aggregates
864 3315 896 3352 or
913 3296 1120 3352 combinations
1137 3297 1169 3352 ol
1186 3297 1358 3366 elementary

207 3392 310 3438 matter
327 3381 503 3437 uninsormed
523 3381 561 3450 by
579 3382 627 3436 the
644 3379 757 3452 specific
776 3380 883 3451 quality
894 3380 985 3435 which
1003 3379 1167 3435 constitutes
1186 3380 1280 3448 things
1300 3379 1359 3436 into

208 3465 359 3522 adistinct
378 3467 460 3521 class.
497 3466 560 3521 The
581 3466 685 3521 former
703 3464 825 3519 division
844 3463 877 3518 oi
890 3462 986 3533 things
1004 3481 1124 3534 appears
1142 3473 1172 3518 to
1192 3464 1264 3518 bave
1286 3464 1357 3518 been

207 3549 345 3620 regarded
364 3549 402 3618 by
414 3550 511 3604 Bacon
530 3565 562 3603 as
580 3548 788 3604 characterised
806 3549 844 3616 by
855 3566 874 3601 a
886 3564 965 3602 more
983 3545 1105 3602 unilorrn
1124 3547 1357 3616 (homogeneous)

208 3644 344 3689 structure
356 3633 425 3688 than
445 3633 494 3688 the
506 3633 598 3688 latter.
634 3634 697 3687 The
714 3633 857 3702 examples
875 3631 936 3685 also
955 3631 1032 3686 shew
1043 3632 1104 3686 that
1123 3631 1219 3686 Bacon
1236 3631 1358 3686 drawsa

207 3716 370 3771 distinction
388 3717 515 3772 between
530 3733 575 3771 res
593 3715 771 3786 specificatae
789 3716 846 3770 and
865 3732 984 3786 corpora
998 3715 1134 3786 organico
1148 3713 1246 3783 (entire
1264 3717 1357 3785 plants

207 3798 416 3868 andanimals).

242 3885 304 3938 The
323 3884 439 3938 student
457 3900 523 3952 may
541 3883 599 3938 find
618 3881 638 3937 it
652 3883 740 3937 worth
760 3881 842 3938 while
861 3893 892 3937 to
910 3897 1042 3952 compare
1065 3882 1119 3934 Mr.
1132 3879 1212 3936 Ellis’
1230 3889 1298 3936 note
1318 3897 1356 3935 on

209 3969 254 4022 lle
266 3965 444 4038 Augmentis,
457 3967 503 4023 lib.
518 3967 545 4021 ii.
558 3983 621 4036 cap.
633 3982 658 4035 3.

127 4117 131 4122 Ι
242 4051 305 4105 The
318 4051 395 4105 word
407 4050 519 4106 ‘stone’
533 4049 566 4116 is,
579 4050 611 4104 oi
620 4067 727 4118 course,
740 4049 810 4104 used
824 4049 891 4104 bere
904 4048 933 4103 in
945 4049 994 4103 the
1006 4057 1081 4103 most
1099 4047 1274 4103 unscientific
1287 4063 1362 4116 way..

208 4135 269 4189 Tm
282 4151 360 4189 same
373 4151 438 4204 may
450 4136 486 4189 bc
500 4135 561 4188 said
573 4133 606 4189 of
615 4134 709 4200 ‘root,’
723 4133 810 4200 ‘leat’
823 4135 884 4199 liro,
896 4133 994 4188 below.

242 4216 265 4248 ⁴³
284 4219 361 4274 Here
375 4218 493 4273 ‘forms’
507 4235 555 4272 are
568 4217 676 4288 spoken
689 4216 722 4271 oi
735 4217 762 4271 in
776 4215 932 4271 connexion
945 4215 1010 4270 with
1023 4215 1127 4270 ‘latent
1141 4213 1356 4282 schematum}

207 4303 323 4371 though,
335 4313 366 4357 at
384 4302 431 4356 the
450 4301 604 4372 beginning
622 4301 653 4355 ol
667 4301 716 4356 the
734 4299 895 4371 Aphorism,
908 4299 980 4354 torm
994 4316 1051 4354 was
1068 4296 1273 4366 distinguished
1285 4296 1357 4354 from

207 4386 293 4440 latent
308 4385 489 4440 schematism
508 4385 565 4440 and
584 4385 702 4455 coupled
716 4384 782 4439 with
801 4386 890 4438 latent
907 4399 1031 4453 process.
1067 4382 1138 4437 This
1156 4381 1357 4438 circumstance

206 4473 310 4529 aliords
330 4490 346 4528 a
363 4472 437 4542 good
456 4472 621 4528 illustration
640 4473 671 4527 oi
686 4473 734 4527 the
747 4487 905 4541 vngueness
923 4471 980 4528 and
998 4470 1153 4540 ambiguity
1165 4471 1197 4525 oi
1211 4469 1260 4525 the
1277 4481 1356 4538 term,

731 4575 755 4623 Α
771 4581 791 4625 a
812 4577 830 4624 2
