3358 5152
315 387 379 474 326
693 394 850 451 NOVUM
870 393 1087 451 ORGANUM.

315 561 480 627 tissimum
500 571 559 636 est,
579 559 754 644 imperium
778 561 811 624 in
834 572 996 637 naturam,
1015 561 1043 626 si
1064 561 1137 644 quis
1158 561 1347 645 hujusmodi
1371 562 1467 627 rebus

317 674 354 730 ut
384 665 481 728 nimis
507 665 651 730 exilibus
673 675 708 729 et
735 665 868 730 minutis
893 686 1009 731 vacare
1035 666 1128 742 nolit,
1155 686 1215 730 nec
1241 667 1381 731 obtineri
1407 686 1467 730 nec

316 771 385 856 geri
408 790 515 854 posse.

821 958 968 1024 CXXII.

363 1105 513 1173 Occurrit
524 1104 549 1146 ⁴⁷
568 1105 668 1170 etiam
685 1115 717 1170 et
734 1103 834 1184 illud;
859 1105 1008 1169 mirabile
1028 1106 1189 1188 quiddam
1204 1127 1276 1170 esse
1291 1115 1325 1170 et
1340 1105 1468 1182 durum,

318 1211 408 1294 quod
424 1231 484 1275 nos
499 1229 615 1274 omnes
625 1209 776 1274 scientias
787 1219 890 1291 atque
901 1230 1017 1274 omnes
1029 1209 1186 1275 authores
1198 1209 1296 1274 simul
1312 1229 1351 1274 ac
1366 1209 1467 1272 veluti

318 1335 383 1380 uno
398 1314 464 1380 ictu
480 1323 514 1378 et
529 1313 654 1397 impetu
669 1333 952 1378 summoveamus:
975 1314 1075 1396 idque
1091 1335 1156 1378 non
1171 1323 1342 1398 assumpto
1357 1311 1468 1395 aliquo

261 1491 263 1498 ¹
319 1439 363 1484 ex
374 1419 518 1502 antiquis
528 1419 561 1482 in
572 1418 733 1482 auxilium
745 1427 779 1482 et
790 1418 991 1500 praesidium
1005 1427 1163 1496 nostrum,
1173 1419 1231 1482 sed
1242 1417 1336 1500 quasi
1347 1417 1469 1480 viribus

319 1523 469 1608 propriis.

364 1626 436 1689 Nos
456 1634 569 1689 autem
589 1624 719 1701 scimus,
734 1625 761 1688 si
783 1625 889 1688 minus
907 1625 1032 1690 sincera
1050 1624 1116 1690 lide
1130 1645 1228 1707 agere
1243 1624 1470 1700 voluissemus,

320 1749 386 1793 non
408 1727 540 1793 difficile
561 1729 660 1793 fuisse
682 1728 785 1806 nobis,
801 1729 863 1792 ista
885 1748 970 1812 quae
992 1727 1172 1793 afferuntur
1193 1728 1246 1792 vel
1269 1729 1311 1792 ad
1334 1728 1470 1810 antiqua

320 1832 451 1898 saecula
461 1841 537 1896 ante
548 1831 748 1898 Graecorum
760 1841 912 1916 tempora
921 1829 1009 1917 (cum
1021 1833 1178 1897 scientiae
1188 1832 1230 1897 de
1239 1843 1356 1896 natura
1366 1833 1470 1914 magis

320 1937 457 2002 fortasse
479 1936 537 2001 sed
564 1947 676 2001 tamen
704 1935 828 2018 majore
850 1957 927 2001 cum
950 1937 1078 2001 silentio
1101 1935 1281 2014 floruerint,
1307 1956 1415 2018 neque
1438 1937 1471 1998 in

322 2039 525 2105 Graecorum
543 2043 641 2105 tubas
660 2049 694 2105 et
715 2039 840 2105 fistulas
860 2040 968 2105 adhuc
990 2037 1198 2124 incidissent),
1213 2041 1266 2104 vel
1282 2039 1382 2104 etiam
1399 2043 1471 2124 (per

321 2154 432 2227 partes
442 2141 545 2230 certe)
554 2145 596 2208 ad
612 2144 741 2227 aliquos
756 2165 799 2208 ex
813 2143 948 2208 Graecis
964 2145 1043 2228 ipsis
1058 2145 1185 2218 referre,
1198 2154 1299 2227 atque
1314 2144 1471 2229 astipula-

321 2247 447 2312 tionem
463 2257 496 2312 et
511 2247 672 2312 honorem
688 2248 763 2312 inde
779 2258 910 2332 petere:
936 2269 1026 2312 more
1042 2268 1201 2312 novorum
1218 2248 1399 2324 hominum,
1414 2248 1470 2329 qui

322 2349 528 2416 nobilitatem
544 2351 606 2415 sibi
623 2371 666 2414 ex
682 2352 817 2434 antiqua
832 2350 943 2435 aliqua
955 2353 1119 2436 prosapia,
1132 2373 1190 2436 per
1204 2351 1470 2436 genealogiarum

321 2453 461 2530 favores,
476 2465 627 2520 astruunt
643 2463 676 2518 et
691 2454 862 2538 affingunt.
903 2456 976 2519 Nos
991 2476 1069 2520 vero
1084 2476 1193 2520 rerum
1210 2455 1375 2520 evidentia
1389 2454 1472 2532 freti,

321 2577 453 2622 omnem
466 2558 644 2623 commenti
660 2568 694 2623 et
709 2559 910 2641 imposturae
922 2559 1147 2624 conditionem
1161 2559 1343 2641 rejicimus3
1366 2578 1472 2640 neque

322 2661 364 2725 ad
380 2661 414 2725 id
430 2662 521 2745 quod
536 2663 647 2744 agitur
665 2661 741 2744 plus
759 2663 916 2727 interesse
932 2672 1096 2745 putamus,
1113 2673 1223 2727 utrum
1239 2683 1324 2745 quae
1337 2661 1407 2744 jam
1424 2663 1471 2724 in-

322 2765 494 2830 venientur
508 2766 651 2848 antiquis
665 2766 745 2831 olim
766 2766 909 2850 cognita,
925 2777 959 2831 et
977 2787 1036 2849 per
1050 2787 1159 2831 rerum
1178 2766 1417 2831 vicissitudines
1438 2775 1472 2829 et

323 2869 454 2934 saecula
469 2869 652 2934 occidentia
667 2880 700 2934 et
716 2871 854 2936 orientia
874 2870 948 2948 sint,
964 2891 1064 2953 quam
1083 2870 1271 2935 hominibus
1287 2890 1385 2935 curae
1401 2891 1473 2934 esse

322 2972 453 3048 debere,
471 2982 581 3036 utrum
598 2973 714 3038 Novus
730 2973 831 3040 Orbis
845 2973 943 3038 fuerit
959 2973 1065 3038 insula
1081 2974 1138 3038 illa
1158 2973 1306 3038 Atlantis
1315 2970 1343 3011 ⁴⁸
1361 2982 1395 3037 et
1416 2995 1472 3037 ve·

322 3075 384 3140 teri
407 3078 533 3141 mundo
556 3078 697 3160 cognita,
712 3097 755 3141 an
777 3097 863 3141 nunc
885 3077 1028 3160 primum
1052 3087 1190 3160 reperta.
1237 3077 1361 3142 Rerum
1383 3076 1472 3141 enim

324 3179 471 3243 inventio
488 3200 508 3242 a
524 3189 661 3244 naturae
684 3179 758 3244 luce
778 3183 932 3265 petenda,
948 3201 1014 3244 non
1035 3182 1078 3245 ab
1100 3181 1307 3264 antiquitatis
1329 3180 1473 3246 tenebris

323 3283 503 3365 repetenda
518 3291 577 3346 est.

368 3385 469 3468 Quod
495 3407 574 3451 vero
596 3386 640 3451 ad
667 3387 885 3452 universalem
912 3389 1008 3453 istam
1034 3387 1319 3472 reprehensionem
1344 3389 1473 3460 attinet,

324 3489 542 3554 certissimum
557 3499 608 3554 est
622 3511 698 3554 vere
720 3511 790 3554 rem
808 3493 985 3574 reputanti,
1001 3512 1075 3555 eam
1089 3502 1124 3556 et
1141 3493 1246 3575 magis
1265 3489 1471 3574 probabilem

324 3613 397 3657 esse
417 3602 450 3657 et
471 3593 577 3677 magis
593 3595 787 3671 modestam,
803 3615 906 3678 quam
923 3595 951 3660 si
975 3594 1063 3660 lacta
1084 3595 1199 3661 fuisset
1222 3615 1266 3658 ex
1288 3605 1391 3677 parte.
1437 3592 1473 3659 Si

325 3697 414 3760 enim
438 3697 607 3779 inprimis
630 3699 820 3763 notionibus
842 3719 968 3763 errores
989 3699 1126 3764 radicati
1149 3719 1215 3764 non
1237 3698 1381 3775 luissent,
1404 3698 1474 3763 fieri

324 3822 390 3866 non
403 3803 564 3885 potuisset
575 3803 654 3885 quin
670 3804 826 3868 nonnulla
836 3813 924 3869 recte
936 3806 1068 3869 inventa
1080 3804 1143 3869 alia
1155 3825 1326 3890 perperam
1339 3805 1475 3868 inventa

325 3907 552 3971 correxissent.
598 3904 666 3972 Sed
689 3928 764 3972 cum
788 3929 912 3974 errores
935 3908 1199 3974 fundamentales
1221 3909 1350 3984 fuerint,
1373 3919 1475 3990 atque

325 4009 495 4091 ejusmodi,
518 4020 556 4074 ut
578 4009 727 4075 homines
750 4012 860 4095 potius
884 4033 934 4077 res
957 4012 1163 4095 neglexerint
1185 4033 1224 4077 ac
1247 4013 1474 4096 praeterierint

359 4211 381 4244 ⁴⁷
403 4215 457 4270 Mr.
470 4215 618 4286 Spedding
635 4226 763 4286 suggests
782 4217 842 4272 that
862 4217 1012 4273 ‘occurrit’
1032 4218 1056 4273 is
1073 4237 1091 4273 a
1107 4218 1236 4289 misprint
1255 4218 1298 4273 lor
1315 4217 1474 4273 ‘occurret’

323 4298 550 4368 Aphs.122-126
568 4300 680 4354 contain
698 4301 747 4356 the
765 4317 887 4356 answers
905 4311 935 4356 to
951 4301 1014 4356 iour
1031 4301 1195 4374 objections.
1232 4302 1306 4373 Aph.
1322 4313 1370 4368 127
1385 4301 1409 4356 is
1427 4302 1475 4356 the

324 4397 433 4436 answer
444 4391 474 4436 to
486 4398 504 4437 a
516 4383 604 4438 doubt
617 4384 711 4438 rather
721 4383 790 4438 than
801 4394 832 4438 to
845 4402 881 4438 an
894 4383 1042 4456 objection.

359 4461 381 4493 ⁴⁸
400 4464 455 4519 See
469 4465 572 4520 Plato's
585 4466 727 4533 Timaeus,
740 4480 775 4534 24
789 4467 866 4535 E-25
882 4469 918 4522 D.
