3308 5152
315 395 375 461 162
759 401 1016 459 PRAEFATIO.

311 587 445 633 omnem
466 567 557 632 illam
578 567 735 630 librorum
751 567 947 650 varietatem
970 587 1036 648 qua
1058 577 1144 630 artes
1167 577 1201 630 et
1223 566 1379 632 scientiae
1401 587 1460 630 ex·

312 671 420 736 ultant
450 671 639 754 diligentius
669 670 883 754 introspiciat,
910 670 1032 752 ubique
1065 669 1205 734 inveniet
1236 670 1384 752 ejusdem
1415 670 1460 733 rei

312 776 523 858 repetitiones
535 774 688 852 infinitas,
700 774 864 844 tractandi
878 773 986 838 modis
998 774 1153 850 diversas,
1165 775 1351 839 inventione
1367 795 1460 857 prae-

313 889 511 962 occupatas;
535 890 571 942 ut
589 879 702 942 omnia
722 878 830 959 primo
851 878 970 941 intuitu
992 897 1175 953 numerosa,
1190 877 1279 942 facto
1300 879 1461 954 examine,

312 1004 419 1066 pauca
452 983 664 1064 reperiantur.
714 981 759 1045 Et
793 981 837 1044 de
871 981 1013 1045 utilitate
1045 991 1160 1064 aperte
1191 982 1367 1045 dicendum
1401 993 1460 1056 est,

311 1087 506 1169 sapientiam
523 1087 620 1149 istam
635 1105 736 1168 quarn
751 1106 772 1149 a
788 1083 921 1149 Graecis
937 1085 1147 1167 potissimum
1167 1084 1336 1149 hausimus
1352 1087 1460 1168 pueri-

312 1191 393 1255 tiam
415 1191 582 1272 quandam
605 1189 762 1253 scientiae
782 1189 894 1263 videri,
909 1198 1010 1271 atque
1032 1188 1154 1252 habere
1176 1190 1266 1271 quod
1290 1191 1459 1272 proprium

311 1305 362 1358 est
391 1315 579 1376 puerorum,
604 1302 640 1356 ut
666 1294 709 1356 ad
735 1293 948 1374 garriendum
974 1304 1139 1376 prompta,
1163 1294 1206 1356 ad
1232 1295 1459 1377 generandum

312 1398 456 1462 invalida
466 1407 500 1462 et
513 1398 689 1462 immatura
700 1396 752 1460 sit.
785 1395 1092 1461 Controuersiarum
1106 1398 1194 1461 enim
1208 1397 1309 1474 ieraX,
1322 1418 1458 1480 operum

311 1501 433 1567 effoeta
448 1513 507 1566 est.
546 1501 646 1566 Adeo
663 1511 699 1564 ut
710 1499 823 1564 fabula
838 1500 894 1564 illa
910 1503 952 1565 de
965 1499 1078 1584 Scylla
1094 1502 1127 1564 in
1144 1501 1310 1566 literarum
1325 1512 1460 1576 statum,

311 1607 417 1688 qualis
437 1606 587 1682 habetur,
602 1605 645 1668 ad
661 1606 772 1668 vivum
793 1606 955 1687 quadrare
975 1606 1146 1680 videatur;
1169 1625 1254 1687 quae
1270 1605 1402 1688 virginis
1423 1627 1460 1668 os

311 1722 345 1774 et
359 1711 487 1774 vultum
503 1709 633 1786 extulit,
649 1710 692 1773 ad
708 1719 837 1772 uterum
853 1729 933 1772 vero
953 1720 1101 1773 monstra
1121 1707 1275 1773 latrantia
1290 1710 1459 1792 succinge-

311 1815 432 1879 bantur
458 1825 491 1877 et
517 1813 751 1877 adhaerebant.
797 1812 850 1876 Ita
875 1812 999 1876 habent
1024 1823 1058 1877 et
1084 1814 1240 1877 scientiae
1265 1813 1384 1895 quibus
1411 1814 1459 1875 in·

311 1921 477 1982 suevimus
495 1917 660 2001 generalia
677 1918 841 1999 quaedam
857 1914 1060 1981 blandientia
1078 1927 1112 1981 et
1131 1919 1288 2000 speciosa,
1304 1918 1362 1981 sed
1382 1937 1458 1983 cum

311 2024 353 2087 ad
380 2022 589 2105 particularia
612 2031 747 2085 ventum
772 2022 823 2094 sit,
845 2021 947 2085 veluti
974 2023 1016 2085 ad
1041 2032 1152 2104 partes
1176 2023 1405 2104 generationis,
1423 2032 1459 2084 ut

311 2126 452 2189 fructum
469 2137 501 2189 et
517 2146 618 2208 opera
633 2146 676 2188 ex
692 2146 727 2188 se
743 2126 851 2202 edant,
867 2135 937 2188 tum
959 2127 1185 2190 contentiones
1203 2136 1238 2188 et
1257 2125 1460 2191 oblatrantes

311 2230 551 2313 disputationes
582 2229 784 2306 exoriuntur,
809 2229 842 2291 in
871 2249 955 2311 quas
984 2229 1146 2305 desinunt,
1171 2241 1204 2293 et
1231 2250 1317 2311 quae
1345 2241 1460 2312 partus

311 2334 420 2399 locum
442 2333 602 2398 obtinent.
648 2334 832 2410 Praeterea,
848 2333 875 2395 si
895 2331 1086 2414 hujusmodi
1108 2335 1265 2398 scientiae
1288 2334 1386 2417 plane
1408 2355 1460 2397 res

311 2449 442 2502 mortua
461 2459 527 2501 non
548 2445 665 2515 essent,
682 2437 715 2499 id
734 2437 869 2500 minime
886 2437 1015 2502 videtur
1037 2447 1231 2502 eventurum
1246 2438 1344 2501 fuisse
1367 2439 1459 2519 quod

310 2562 369 2626 per
393 2543 498 2606 multa
517 2542 588 2624 jam
612 2541 743 2606 saecula
767 2561 828 2603 usu
850 2542 948 2616 venit,
965 2550 1002 2604 ut
1025 2540 1101 2606 illae
1123 2543 1188 2605 suis
1212 2542 1371 2605 immotae
1393 2540 1459 2604 iere

309 2646 467 2711 haereant
477 2646 629 2730 vestigiis,
638 2666 698 2710 nec
708 2646 906 2710 incrementa
915 2666 1035 2727 genere
1043 2645 1189 2710 humano
1200 2647 1300 2728 digna
1310 2655 1458 2710 sumant:

311 2770 351 2814 eo
366 2771 477 2833 usque,
493 2762 529 2814 ut
544 2770 781 2832 saepenumero
796 2769 862 2812 non
877 2749 985 2814 solum
1007 2751 1145 2813 assertio
1168 2761 1299 2813 maneat
1319 2750 1458 2813 assertio

309 2854 484 2918 sedetiam
506 2855 657 2937 quaestio
678 2862 809 2917 maneat
829 2852 988 2935 quaestio,
1004 2863 1037 2917 et
1058 2874 1118 2937 per
1135 2855 1376 2936 disputationes
1393 2874 1458 2917 non

309 2959 456 3023 solvatur
478 2959 537 3022 sed
551 2957 672 3040 figatur
694 2966 728 3021 et
749 2957 868 3032 alatur,
884 2958 1058 3039 omnisque
1080 2959 1217 3022 traditio
1239 2967 1273 3021 et
1296 2959 1458 3022 successio

310 3063 553 3145 disciplinarum
579 3070 801 3145 repraesentet
827 3071 860 3124 et
885 3060 1045 3126 exhibeat
1070 3083 1226 3144 personas
1252 3062 1400 3142 magistri
1426 3071 1459 3124 et

310 3167 477 3242 auditoris,
492 3187 557 3231 non
574 3167 750 3230 inventoris
771 3175 804 3228 et
824 3166 894 3246 ejus
914 3165 970 3247 qui
992 3165 1131 3229 inventis
1151 3165 1275 3248 aliquid
1298 3167 1457 3229 eximium

309 3269 453 3352 adjiciat.
500 3271 539 3334 In
569 3271 694 3335 artibus
723 3281 835 3333 autem
869 3269 1066 3334 mechanicis
1099 3272 1298 3335 contrarium
1329 3272 1459 3335 evenire

309 3376 480 3451 videmus3
503 3395 596 3456 quae,
612 3396 651 3439 ac
669 3375 695 3437 si
715 3394 814 3439 aurae
833 3372 1006 3457 cujusdam
1022 3373 1131 3438 vitalis
1146 3374 1252 3439 forent
1273 3375 1458 3457 participes,

309 3480 460 3562 quotidie
476 3489 624 3543 crescunt
639 3489 672 3542 et
688 3477 908 3560 perficiuntur,
925 3489 959 3542 et
975 3478 1007 3540 in
1024 3480 1138 3561 primis
1153 3479 1345 3542 authoribus
1361 3478 1459 3542 rudes

309 3585 488 3668 plerunque
509 3594 542 3646 et
558 3583 624 3647 lere
645 3603 802 3646 onerosae
824 3593 858 3645 et
881 3583 1035 3647 informes
1057 3593 1226 3666 apparent,
1242 3593 1358 3664 postea
1380 3603 1458 3646 vero

309 3709 412 3752 novas
437 3687 574 3750 virtutes
604 3696 636 3750 et
667 3687 938 3750 commoditatem
968 3688 1135 3768 quandam
1162 3687 1393 3767 adipiscuntur,
1419 3705 1457 3749 eo

309 3812 422 3873 usque,
446 3801 482 3855 ut
507 3791 602 3855 citius
628 3791 739 3856 studia
764 3791 936 3854 hominum
961 3801 994 3854 et
1020 3791 1218 3873 cupiditates
1245 3789 1398 3855 deficiant
1425 3800 1458 3853 et

309 3905 487 3970 mutentur,
508 3916 608 3977 quam
632 3894 707 3959 illae
731 3895 773 3959 ad
798 3894 928 3960 culmen
952 3905 985 3959 et
1010 3896 1242 3978 perlectionem
1268 3916 1361 3958 suam
1386 3916 1458 3977 per-

308 4001 465 4063 venerint.
511 3998 723 4081 Philosophia
746 4009 859 4063 contra
883 4007 917 4062 et
941 3999 1096 4064 scientiae
1122 3998 1367 4076 intellectuales,
1389 4010 1457 4062 sta·

308 4114 440 4167 tuarum
457 4124 555 4180 more,
571 4103 752 4166 adorantur
771 4114 805 4166 et
827 4102 1041 4177 celebrantur,
1056 4104 1115 4166 sed
1132 4123 1197 4166 non
1213 4113 1457 4185 promoventur.

309 4205 515 4289 Quinetiam
532 4207 563 4269 in
580 4207 687 4289 primo
709 4227 944 4288 nonnunquam
964 4207 1103 4270 authore
1124 4207 1271 4270 maxime
1286 4205 1408 4287 vigent,
1425 4216 1458 4269 et

308 4311 463 4393 deinceps
485 4311 694 4392 degenerant.
740 4311 828 4373 Nam
852 4321 1028 4393 postquam
1052 4311 1202 4374 homines
1223 4310 1364 4375 dedititii
1380 4309 1457 4374 lacti

307 4414 373 4476 sint
395 4422 429 4477 et
451 4412 483 4476 in
507 4415 602 4477 unius
625 4414 824 4478 sententiam
843 4413 1016 4498 (tanquam
1041 4415 1167 4498 pedarii
1190 4409 1372 4498 senatores)
1391 4413 1457 4478 coi-

307 4517 401 4596 erint,
419 4517 561 4583 scientiis
586 4519 668 4602 ipsis
691 4519 944 4601 amplitudinem
968 4540 1035 4583 non
1062 4520 1198 4597 addunt,
1219 4520 1278 4582 sed
1302 4519 1334 4582 in
1358 4518 1457 4581 certis
