3358 5152
711 365 790 420 LIB.
813 365 840 422 Ι.
865 359 917 422 82.
1322 379 1384 443 279

232 525 332 608 Quod
355 527 382 590 si
404 527 476 609 quis
495 548 538 592 ex
558 537 651 594 tanta
673 528 885 593 multitudine
905 529 1078 596 scientiam
1101 531 1222 598 affectu
1242 533 1385 617 ingenuo

231 641 265 694 et
287 639 423 714 propter
444 653 480 696 se
503 642 659 716 expetat;
681 633 863 698 invenietur
882 644 993 698 tamen
1013 635 1068 700 ille
1087 637 1157 720 ipse
1175 639 1286 720 potius
1306 659 1385 702 eon-

231 735 485 818 templationum
527 748 559 801 et
599 738 822 802 doctrinarum
860 739 1062 814 varietatem,
1100 761 1199 822 quam
1238 743 1387 807 veritatis

231 859 378 902 severam
412 849 445 903 et
475 841 615 924 rigidam
646 841 892 924 inquisitionem
923 831 1026 926 sequi.
1073 844 1208 922 Rursus,
1239 848 1266 910 si
1302 848 1386 911 alius

230 944 394 1026 quispiam
421 944 560 1010 sortasse
586 946 732 1010 veritatis
758 947 931 1028 inquisitor
957 949 999 1013 sit
1025 950 1185 1026 severior3
1214 961 1325 1022 tamen
1352 961 1385 1016 et

231 1046 284 1111 ille
300 1049 369 1130 ipse
384 1049 484 1112 talem
505 1050 568 1114 sibi
586 1059 750 1133 proponet
764 1052 912 1115 veritatis
931 1053 1163 1128 conditionem,
1180 1074 1264 1137 quae
1283 1057 1386 1120 menti

230 1161 263 1213 et
293 1151 472 1217 intellectui
497 1154 675 1218 satisfaciat
702 1155 735 1218 in
762 1155 944 1220 redditione
970 1176 1142 1221 causarum
1170 1179 1385 1242 rerumquae

226 1254 425 1339 jampridem
463 1267 540 1320 sunt
577 1259 749 1340 cognitae;
785 1279 852 1322 non
891 1280 973 1336 earn,
1005 1281 1092 1342 quae
1124 1281 1210 1328 nova
1247 1284 1384 1345 operum

230 1359 367 1441 pignora
390 1371 424 1425 et
448 1381 567 1426 novam
592 1363 802 1426 axiomatum
829 1362 935 1428 lucem
960 1376 1161 1448 assequatur.
1208 1367 1335 1449 Itaque,
1358 1369 1386 1432 si

230 1461 303 1526 finis
317 1465 527 1529 scientiarum
547 1487 567 1530 a
587 1467 716 1530 nemine
733 1467 843 1531 adhuc
861 1469 946 1532 bene
964 1470 1093 1551 positus
1111 1470 1163 1548 sit,
1179 1491 1245 1534 non
1265 1472 1383 1534 mirum

230 1577 279 1630 est
302 1568 328 1631 si
351 1570 383 1631 in
407 1569 454 1646 iis,
474 1590 560 1652 quae
582 1579 659 1634 sunt
682 1572 896 1636 subordinate
919 1574 962 1636 ad
985 1571 1093 1651 finem,
1115 1583 1271 1656 sequatur
1292 1576 1384 1638 aber-

230 1673 323 1736 ratio.

710 1761 896 1826 LXXXII.

273 1898 565 1981 Quemadmodum
595 1910 707 1964 autem
747 1900 820 1965 finis
854 1911 889 1966 et
927 1912 1016 1966 meta
1052 1903 1261 1967 scientiarum
1296 1903 1383 1968 male

229 2004 337 2086 posita
359 2014 435 2068 sunt
456 2004 546 2085 apud
561 2003 732 2083 homines;
756 2005 803 2069 ita
820 2025 931 2069 rursus
950 2007 1079 2071 etiamsi
1099 2007 1156 2072 illa
1171 2019 1259 2072 recte
1274 2008 1383 2091 posita

229 2107 373 2186 luissent,
403 2109 490 2173 viam
517 2120 628 2173 tamen
659 2109 721 2174 sibi
751 2108 947 2194 delegerunt
981 2111 1117 2175 omnino
1148 2132 1318 2176 erroneam
1349 2098 1403 2177 et¹

229 2213 421 2295 imperviam
432 2211 467 2276 ²⁸.
528 2212 629 2295 Quod
671 2223 805 2296 stupore
842 2214 991 2296 quodam
1032 2209 1180 2279 animum
1217 2217 1280 2280 rite
1314 2237 1382 2281 rem

229 2318 395 2400 reputanti
417 2316 632 2399 perculserit;
673 2338 740 2381 non
771 2318 828 2381 ulli
859 2316 1048 2382 mortalium
1079 2340 1176 2384 curae
1202 2330 1260 2384 aut
1293 2321 1383 2385 cordi

228 2420 335 2498 luisse,
360 2431 397 2484 ut
426 2420 604 2485 intellectui
635 2421 781 2486 humano
810 2422 854 2486 ab
886 2423 960 2505 ipso
990 2443 1088 2487 sensu
1116 2432 1150 2487 et
1177 2424 1381 2506 experientia

228 2525 380 2589 ordinata
403 2535 438 2590 et
464 2527 549 2589 bene
576 2526 711 2590 condita
738 2527 791 2590 via
817 2527 1003 2610 aperiretur
1027 2537 1062 2591 et
1088 2527 1290 2604 muniretur;
1322 2529 1380 2591 sed

228 2631 339 2693 omnia
363 2630 416 2693 vel
443 2631 657 2695 traditionum
682 2630 825 2714 caligini,
851 2631 902 2696 vel
933 2640 1203 2714 argumentorum
1227 2631 1380 2712 vertigini

228 2745 262 2798 et
277 2735 410 2812 turbini,
424 2735 478 2798 vel
494 2755 589 2799 casus
604 2745 639 2799 et
654 2735 883 2818 experientiae
898 2756 1004 2819 vagae
1024 2745 1058 2799 et
1077 2737 1266 2799 inconditae
1282 2735 1379 2798 undis

228 2849 261 2902 et
285 2839 482 2921 ambagibus
509 2841 668 2922 permissa
695 2861 775 2903 esse.
820 2839 937 2922 Atque
966 2839 1091 2922 cogitet
1115 2840 1190 2922 quis
1213 2839 1323 2902 sobrie
1345 2847 1380 2902 et

228 2943 411 3025 diligenter,
428 2944 534 3024 qualis
550 2945 594 3008 sit
610 2965 649 3008 ea
666 2945 729 3022 via,
744 2964 844 3027 quam
867 2945 899 3007 in
915 2943 1126 3026 inquisitione
1141 2953 1175 3007 et
1194 2943 1380 3007 inventione

226 3046 365 3128 alicujus
378 3047 423 3110 rei
439 3046 590 3112 homines
604 3048 762 3112 adhibere
778 3057 1030 3112 consueverunt.
1066 3047 1113 3111 Et
1129 3049 1236 3130 primo
1249 3047 1380 3111 notabit

227 3150 446 3234 proculdubio
474 3151 657 3216 inveniendi
683 3154 819 3217 modum
846 3151 1029 3236 simplicem
1060 3162 1095 3215 et
1124 3149 1380 3228 inartificiosum,

228 3257 283 3338 qui
307 3255 496 3320 hominibus
519 3257 666 3320 maxime
688 3266 739 3321 est
762 3257 940 3320 familiaris.
987 3255 1052 3320 Hic
1075 3264 1186 3319 autem
1211 3275 1278 3319 non
1297 3255 1380 3319 alius

261 3475 283 3508 ²⁸
301 3478 393 3532 There
407 3477 430 3532 is
449 3477 517 3531 little
537 3475 566 3530 in
585 3476 641 3532 this
655 3477 807 3547 Aphorism
821 3477 911 3531 which
932 3479 1028 3532 Bacon
1047 3477 1099 3532 has
1116 3487 1166 3531 not
1183 3477 1297 3546 already
1310 3477 1379 3532 said.

227 3563 282 3616 But
302 3561 322 3616 it
340 3561 365 3616 is
383 3562 456 3616 often
475 3560 596 3630 striking
614 3560 643 3614 in
662 3561 832 3630 expression,
844 3561 901 3614 and
921 3578 986 3630 may
998 3562 1034 3615 be
1052 3561 1137 3614 taken
1156 3576 1187 3615 as
1202 3577 1220 3614 a
1237 3577 1380 3630 summary

227 3653 377 3700 statement
390 3645 421 3699 oi
431 3644 479 3699 the
490 3644 560 3700 false
572 3644 702 3699 methods
715 3643 806 3698 which
820 3661 885 3698 men
898 3661 1000 3714 pursue
1013 3644 1042 3697 in
1052 3643 1126 3698 their
1138 3642 1286 3714 enquiries.
1317 3644 1380 3697 The

227 3729 286 3783 first
304 3729 334 3783 oi
350 3730 429 3783 these
449 3729 472 3783 is
491 3737 520 3782 to
539 3729 636 3783 collect
654 3728 783 3798 opinions
801 3728 859 3782 and
877 3728 1051 3796 authorities,
1069 3728 1127 3782 and
1149 3728 1226 3795 then,
1245 3728 1283 3796 by
1301 3743 1379 3781 com·

225 3813 324 3886 paring
341 3813 419 3867 them
438 3813 495 3866 and
514 3811 659 3880 reflecting
671 3829 708 3866 on
727 3812 813 3878 them,
827 3821 856 3865 to
874 3821 993 3881 attempt
1006 3821 1035 3866 to
1052 3810 1142 3866 arrive
1159 3821 1188 3866 at
1205 3827 1242 3865 an
1262 3809 1379 3880 opinion

226 3896 257 3950 ol
278 3913 329 3950 our
351 3912 423 3950 own.
459 3897 522 3950 The
543 3896 648 3950 second
671 3893 695 3949 is
716 3904 745 3949 to
767 3895 856 3949 follow
875 3895 923 3950 the
944 3894 1099 3949 dialectica}
1123 3894 1165 3962 (or
1187 3893 1378 3964 syllogistical)

226 3980 349 4044 method‚
372 3989 421 4033 not
442 3979 604 4048 examining
623 3979 672 4033 the
691 3978 750 4032 first
769 3977 928 4048 principles,
947 3978 997 4033 but
1016 3978 1106 4033 either
1123 3976 1223 4046 taking
1241 3977 1318 4031 them
1337 3977 1380 4030 ior

225 4063 344 4133 granted
362 4081 394 4118 or
411 4064 569 4132 borrowing
587 4064 665 4118 them
683 4063 755 4117 from
775 4064 823 4118 the
840 4063 994 4133 professors
1012 4062 1045 4116 of
1057 4062 1105 4116 the
1123 4061 1230 4115 several
1242 4071 1309 4127 arts,
1321 4061 1378 4114 and

225 4149 293 4202 then
306 4147 442 4217 pursuing
453 4149 534 4202 these
548 4147 606 4201 first
619 4147 771 4217 principles
784 4156 813 4201 to
825 4145 899 4202 their
910 4157 1016 4202 remote
1033 4160 1249 4216 consequences,
1263 4143 1377 4198 without

226 4231 346 4301 pausing
364 4241 394 4284 to
411 4231 525 4301 enquire
545 4231 603 4285 into
616 4231 664 4285 the
682 4231 757 4284 truth
776 4232 808 4284 of
823 4232 871 4285 the
889 4232 958 4285 data
975 4246 1011 4283 on
1026 4227 1116 4282 which
1136 4229 1202 4297 they
1215 4244 1263 4282 are
1281 4227 1378 4281 based.

225 4317 288 4370 The
313 4315 389 4370 third
410 4317 465 4368 and
488 4315 543 4369 last
565 4314 588 4368 is
608 4325 638 4369 to
662 4316 772 4370 consult
794 4313 966 4384 experience,
988 4314 1038 4368 but
1056 4312 1172 4366 without
1190 4328 1246 4381 any
1264 4308 1378 4365 definite

224 4400 307 4454 order
319 4415 351 4454 or
369 4399 493 4467 method‚
505 4399 631 4469 groping,
645 4417 677 4454 as
696 4399 716 4454 it
730 4417 809 4466 were,
823 4398 853 4453 in
872 4399 919 4454 the
931 4398 1009 4466 dark,
1023 4395 1133 4452 instead
1152 4396 1183 4451 ol
1199 4394 1316 4466 guiding
1328 4411 1390 4450 our

225 4493 301 4554 steps
314 4485 352 4554 by
363 4502 380 4538 a
392 4482 473 4552 light.
