3342 5152
292 347 358 434 436
662 352 819 408 NOVUM
839 348 1057 410 ORGANUM.

295 517 499 584 characteres
521 515 638 604 (veluti
660 518 744 583 alius
769 527 819 583 est
841 519 937 583 dolor
963 517 1110 592 ustionis,
1136 517 1220 582 alius
1242 517 1372 601 frigoris
1395 518 1443 582 in·

292 623 386 700 tensi,
405 621 487 687 alius
503 633 692 706 puncturae,
707 622 790 686 alius
806 623 1067 706 compressionis,
1083 621 1165 686 alius
1182 623 1392 698 extensionis,
1411 632 1443 686 et

293 723 472 812 similium),
491 727 715 792 certissimum
742 736 793 790 est
817 727 927 792 omnia
953 726 1018 800 illa,
1043 727 1152 809 quoad
1177 737 1315 799 motum,
1339 728 1444 790 inesse

292 830 485 913 corporibus
511 831 719 907 inanimatis;
752 829 855 894 veluti
887 831 977 915 ligno
1004 841 1062 894 aut
1092 830 1201 912 lapidi,
1228 850 1302 894 cum
1333 833 1445 905 uritur,

293 944 353 998 aut
376 955 434 1018 per
459 934 535 1018 gelu
562 935 807 1018 constringitur,
833 943 892 998 aut
919 935 1084 1018 pungitur,
1110 944 1168 998 aut
1194 934 1362 1010 scinditur,
1386 943 1443 998 aut

292 1037 444 1116 flectitur,
466 1048 525 1103 aut
550 1038 707 1112 tunditur,
730 1047 763 1102 et
790 1039 836 1102 sic
863 1040 905 1102 de
931 1038 1024 1114 aliis3
1062 1037 1136 1103 licet
1166 1057 1231 1101 non
1258 1038 1443 1108 subintrent

292 1164 415 1222 sensus,
432 1153 566 1227 propter
581 1143 766 1207 absentiam
782 1144 917 1228 spiritus
934 1143 1094 1208 animalis.

336 1247 423 1312 Item
439 1247 616 1311 instantiae
632 1249 812 1329 conformes
829 1245 933 1333 (quod
956 1248 1076 1310 mirum
1091 1246 1230 1312 sortasse
1246 1243 1349 1332 dictu)
1365 1256 1442 1310 sunt

292 1352 417 1417 radices
433 1360 466 1416 et
482 1351 564 1415 rami
580 1352 777 1435 plantarum.
819 1351 929 1416 Omne
945 1352 1031 1415 enim
1043 1351 1228 1433 vegetabile
1245 1351 1443 1425 intumescit,

291 1465 324 1519 et
339 1455 489 1521 extrudit
505 1465 615 1539 partes
631 1454 663 1518 in
679 1455 984 1532 circumferentiam,
998 1462 1069 1519 tam
1084 1475 1213 1519 sursum
1231 1474 1332 1537 quam
1347 1453 1442 1518 deor·
1539 1507 1544 1514 .

291 1579 375 1623 sum.
420 1561 540 1641 Neque
560 1559 626 1624 alia
645 1567 695 1622 est
714 1558 898 1624 differentia
915 1559 1064 1623 radicum
1087 1569 1120 1622 et
1140 1578 1317 1633 ramorum,
1339 1578 1441 1640 quarn

290 1665 381 1745 quod
404 1663 499 1727 radix
523 1662 708 1726 includatur
731 1663 764 1725 in
789 1670 884 1739 terra,
909 1672 943 1726 et
970 1663 1052 1726 rami
1080 1673 1292 1746 exponantur
1317 1663 1383 1726 atri
1408 1671 1441 1725 et

291 1764 397 1830 soli⁸⁶.
444 1766 479 1830 Si
511 1767 583 1848 quis
613 1766 699 1830 enirn
725 1766 864 1850 accipiat
892 1785 1020 1830 ramum
1047 1776 1197 1830 tenerum
1225 1775 1258 1829 et
1285 1776 1440 1849 vegetum

290 1871 424 1948 arboris¹
449 1881 550 1953 atque
579 1870 671 1933 illurn
698 1868 845 1934 reflectat
873 1871 905 1933 in
929 1870 1075 1952 aliquam
1101 1879 1207 1934 terrae
1232 1868 1440 1954 particulam,

291 1974 367 2040 licet
390 1996 455 2039 non
478 1973 652 2039 cohaereat
676 1975 735 2056 ipsi
758 1974 840 2051 solo,
864 1975 971 2058 gignit
994 1975 1106 2038 statim
1129 1995 1196 2038 non
1217 1994 1356 2049 ramum,
1380 1974 1438 2038 sed

290 2079 444 2144 radicem.
489 2079 605 2162 Atque
621 2079 693 2142 vice
715 2099 818 2154 versa,
840 2079 867 2142 si
889 2089 976 2143 terra
995 2087 1134 2162 ponatur
1157 2079 1313 2162 superius,
1337 2088 1440 2160 atque

291 2183 337 2247 ita
365 2184 555 2247 obstruatur
580 2182 691 2267 lapide
717 2193 775 2247 aut
801 2183 911 2265 aliqua
937 2183 1018 2247 dura
1044 2183 1237 2260 substantia,
1260 2193 1297 2246 ut
1323 2181 1438 2266 planta

290 2286 483 2352 cohibeatur
514 2307 574 2351 nec
606 2287 711 2368 possit
746 2287 951 2351 frondescere
981 2306 1120 2363 sursum,
1151 2288 1227 2351 edet
1260 2307 1369 2350 ramos
1406 2287 1439 2348 in

290 2398 400 2455 aerem
417 2393 579 2454 deorsum.

335 2495 421 2560 Item
440 2493 617 2559 instantiae
631 2495 811 2577 conformes
833 2505 908 2558 sunt
926 2496 1053 2577 gummi
1076 2496 1241 2568 arborum,
1257 2505 1291 2559 et
1309 2493 1438 2578 plerae-

289 2618 354 2680 que
375 2619 527 2682 gemmae
551 2598 681 2680 rupium
693 2597 728 2660 ⁸⁷.
774 2599 925 2681 Utraque
948 2599 1036 2661 enim
1060 2598 1104 2661 nil
1127 2597 1215 2663 aliud
1238 2609 1314 2662 sunt
1337 2617 1437 2680 quam

290 2703 509 2765 exudationes
538 2712 572 2766 et
602 2701 838 2785 percolationes
876 2722 1066 2766 succorum:
1108 2701 1141 2766 in
1179 2703 1286 2784 primo
1318 2722 1438 2786 genere

289 2805 420 2882 scilicet,
443 2825 614 2870 succorum
638 2827 682 2868 ex
705 2805 895 2882 arboribus3
922 2806 955 2868 in
978 2806 1131 2883 secundo
1152 2826 1196 2869 ex
1214 2806 1326 2884 saxis;
1350 2807 1437 2870 unde

324 3028 346 3060 ⁸⁸
365 3029 435 3084 'ibis
454 3029 485 3095 is,
502 3029 534 3083 of
549 3045 655 3096 course,
671 3047 708 3084 an
727 3047 810 3098 error,
827 3032 876 3085 but
896 3030 917 3085 it
935 3029 960 3085 is
980 3040 1030 3085 not
1052 3029 1169 3099 entirely
1187 3028 1304 3085 without
1325 3046 1436 3085 excuse.

289 3112 339 3166 ‘ln
360 3114 409 3168 the
429 3129 523 3182 young
540 3121 613 3167 state
631 3113 708 3167 there
728 3112 751 3168 is
770 3131 807 3168 no
825 3113 987 3169 distinction
1005 3115 1131 3168 between
1151 3123 1222 3168 stem
1241 3113 1297 3167 and
1316 3123 1385 3179 root,
1403 3130 1436 3168 as

287 3196 402 3266 regards
415 3204 569 3263 structure;
587 3197 656 3250 both
669 3195 752 3265 being
765 3197 886 3264 cellular‚
900 3197 957 3251 and
970 3213 1006 3251 an
1019 3195 1162 3252 extension
1179 3196 1210 3251 of
1223 3197 1293 3251 each
1309 3197 1390 3251 other
1406 3197 1435 3250 in

287 3281 414 3354 opposite
432 3282 590 3337 directions.
627 3283 688 3338 The
700 3293 762 3338 root
775 3283 799 3338 is
811 3284 974 3338 afterwards
991 3283 1197 3354 distinguished
1210 3282 1280 3338 from
1293 3284 1341 3339 the
1354 3292 1434 3350 stem,

288 3368 327 3437 by
344 3367 393 3420 the
412 3374 485 3420 want
507 3365 539 3419 of
556 3382 574 3419 a
594 3365 734 3436 provision
752 3366 794 3421 for
814 3367 862 3422 the
884 3367 1081 3438 development
1102 3366 1135 3421 of
1152 3366 1300 3436 leaf-buds‚
1319 3367 1376 3422 and
1394 3367 1432 3438 by

286 3449 444 3518 increasing
455 3449 525 3503 from
538 3450 628 3504 above
640 3448 823 3505 downwards.
861 3451 937 3505 Such
949 3452 1049 3522 plante,
1060 3450 1196 3517 however,
1206 3467 1238 3505 as
1252 3451 1300 3504 the
1313 3452 1432 3505 Moutan

288 3535 410 3602 Paeony,
418 3532 467 3587 the
479 3533 638 3600 Pium-tree,
650 3535 738 3602 Pyrus
750 3533 895 3604 Japonica,
905 3535 962 3588 and
974 3533 1125 3604 especially
1134 3535 1281 3588 Anemone
1290 3533 1434 3604 Japonica,

287 3617 360 3672 bave
372 3635 390 3670 a
401 3632 494 3686 power
502 3616 534 3671 of
538 3615 659 3685 forming
667 3617 739 3672 buds
749 3633 787 3671 on
797 3617 869 3672 their
879 3618 972 3673 roots.'
1000 3617 1135 3672 Balfour's
1146 3617 1263 3672 Manual
1273 3617 1306 3671 of
1313 3617 1434 3686 Botany,

288 3697 376 3771 §uo

323 3786 365 3839 M.
376 3783 505 3850 Bouillet,
515 3783 652 3853 speaking
665 3785 696 3839 of
706 3783 763 3840 this
775 3787 901 3855 example
911 3784 967 3852 and
980 3785 1011 3839 of
1021 3801 1099 3838 some
1112 3784 1144 3838 of
1152 3785 1234 3838 those
1246 3784 1328 3853 given
1338 3784 1433 3852 below,

287 3885 368 3937 says:
389 3867 450 3922 ‘Ne
463 3877 636 3922 trouve-ton
649 3885 700 3938 pas
714 3867 785 3922 dans
798 3877 890 3922 toutes
908 3885 955 3924 ces
973 3867 1139 3923 indications
1156 3868 1181 3922 le
1197 3883 1292 3936 germe
1309 3869 1345 3922 de
1362 3866 1434 3923 deux
1477 3929 1484 3942 .

285 3950 407 4007 theories
420 3950 466 4020 qui
480 3961 529 4005 ont
542 3950 586 4006 ete
599 3952 783 4022 developpees
796 3951 832 4006 de
845 3969 896 4022 nos
912 3951 989 4021 jours
1002 3969 1071 4006 avec
1088 3968 1125 4006 un
1142 3951 1232 4020 grand
1245 3951 1350 4016 succes,
1365 3952 1434 4006 celle

285 4035 336 4091 des
348 4035 587 4104 metamorphoses
604 4035 655 4090 des
672 4051 790 4104 organes
808 4034 857 4090 des
875 4036 993 4104 plantes
1007 4036 1100 4104 qu’ont
1116 4034 1270 4090 defendues
1284 4035 1394 4090 Goethe
1405 4044 1433 4089 et

287 4121 328 4174 M.
339 4117 374 4174 de
388 4117 531 4184 Candolle,
541 4127 570 4172 et
582 4119 650 4173 celle
663 4118 715 4173 des
727 4119 887 4187 analogueS,
897 4118 944 4189 qui
958 4118 1033 4173 afait
1047 4117 1140 4189 l'objet
1154 4116 1259 4188 special
1271 4117 1322 4172 des
1335 4117 1433 4173 etudes

286 4202 323 4258 de
336 4203 376 4255 M.
390 4201 699 4269 Geoffroy·St.-I·lilaire
709 4202 733 4256 i'

321 4281 342 4315 ⁸⁷
362 4284 431 4338 This
444 4284 468 4339 is
481 4284 582 4354 simply
594 4303 611 4338 a
622 4285 713 4354 fancy,
726 4286 792 4354 and,
805 4285 861 4341 like
878 4302 955 4340 some
972 4285 1004 4339 of
1017 4285 1137 4340 Bacon’s
1154 4286 1235 4340 other
1251 4284 1391 4339 instances
1404 4285 1432 4338 in

284 4366 341 4423 this
353 4366 515 4437 Aphorism,
528 4366 552 4422 is
565 4385 601 4421 an
613 4369 740 4439 example
752 4368 783 4423 oi
791 4369 860 4424 false
874 4369 966 4425 rather
978 4369 1047 4424 than
1059 4370 1090 4426 of
1098 4378 1159 4425 true
1171 4369 1307 4438 Analogy.
1345 4369 1432 4423 Gems

286 4467 333 4507 are
346 4451 401 4506 due
413 4460 443 4506 to
457 4450 685 4520 Crystallisation.
824 4457 828 4466 '
