3280 5238
279 373 344 454 446
660 383 717 439 no
724 384 816 440 vnn
835 383 1052 440 onasum.

280 555 313 609 et
329 557 442 629 partus
460 547 651 612 animalium
670 548 824 613 biformes
841 559 874 612 et
889 547 1055 615 commisti
1073 568 1117 610 ex
1137 546 1310 630 speciebus
1324 546 1430 609 diver-

281 651 345 728 sis;
367 663 400 716 et
416 651 544 716 similia.

790 763 923 828 XXXI.

325 917 416 984 Inter
444 921 698 1003 praerogativas
731 919 968 984 instantiarum
1000 941 1162 1004 ponemus
1196 919 1325 982 decimo
1355 915 1430 980 loco

279 1023 466 1088 Instantius
490 1024 677 1104 potestatis,
709 1025 779 1090 sive
804 1023 993 1089 Fascium¹⁸
1019 1020 1166 1110 (sumpto
1195 1020 1358 1086 vocabulo
1387 1021 1431 1083 ab

281 1127 462 1210 insignibus
485 1125 635 1215 imperii),
654 1148 737 1212 quas
759 1129 859 1193 ctiam
876 1129 1024 1211 Ingentia,
1044 1130 1112 1192 sive
1130 1128 1257 1190 Mamu
1276 1124 1433 1188 Hominis

281 1230 448 1316 appellare
470 1233 708 1298 consuevimus.
762 1233 833 1297 Eae
860 1245 937 1299 sunt
960 1253 1061 1317 opera
1087 1231 1232 1296 maxime
1255 1228 1375 1292 nobilia
1396 1236 1431 1290 et

281 1336 434 1417 perlecta,
454 1347 487 1400 ct
509 1347 668 1420 tanquam
692 1336 809 1401 ultima
831 1338 864 1400 in
888 1355 1085 1420 unaquaque
1108 1345 1188 1400 arte.
1235 1329 1321 1396 Cum
1343 1331 1430 1395 enim

281 1439 345 1504 hoc
371 1451 489 1525 agatur
514 1441 689 1525 praecipue
715 1451 750 1505 ut
782 1451 897 1505 natura
926 1450 1040 1526 pareat
1067 1441 1164 1504 rebus
1190 1449 1223 1502 et
1249 1435 1432 1502 commodis

282 1544 453 1622 humanis3
487 1557 741 1611 consentaneum
776 1556 827 1611 est
859 1566 1001 1629 prorsus,
1028 1554 1064 1608 ut
1094 1563 1204 1627 opera,
1234 1562 1319 1624 quae
1345 1540 1431 1623 jarn-

282 1649 410 1733 pridem
433 1649 467 1712 in
489 1659 655 1733 potestate
677 1649 821 1715 hominis
844 1650 972 1714 luerunt
995 1646 1101 1733 (quasi
1124 1645 1310 1730 provinciae
1336 1653 1431 1707 antea

282 1765 465 1836 occupatae
489 1764 522 1817 et
544 1750 722 1840 subactae),
744 1765 898 1819 notentur
924 1765 958 1819 et
983 1761 1212 1826 numerentur,
1240 1748 1429 1833 praesertim

282 1878 321 1922 ea
343 1878 427 1938 quae
450 1867 526 1921 sunt
548 1859 693 1922 maxime
715 1858 887 1923 enucleata
909 1869 942 1922 et
963 1858 1124 1941 perfecta:
1149 1865 1325 1938 propterea
1342 1850 1430 1934 quod

283 1961 324 2025 ab
341 1963 411 2025 istis
426 1961 602 2045 proclivior
624 1973 657 2026 et
680 1963 784 2046 magis
805 1965 839 2027 in
858 1951 1045 2049 ¹propinquo
1059 1961 1101 2025 sit
1116 1961 1272 2024 transitus
1288 1959 1330 2022 ad
1345 1976 1430 2019 nova

282 2076 316 2129 et
340 2065 499 2131 hactenus
525 2087 591 2130 non
618 2067 757 2132 inventa
805 2065 841 2132 Si
864 2069 938 2150 quis
960 2068 1048 2130 enim
1073 2066 1116 2129 ab
1139 2063 1258 2127 horum
1282 2070 1428 2125 contem-

282 2169 427 2254 platione
457 2180 586 2234 attenta
611 2172 816 2256 propositum
843 2173 961 2236 acriter
984 2181 1018 2236 ct
1044 2179 1177 2234 strenue
1203 2185 1319 2248 urgere
1343 2162 1429 2240 velit,

283 2274 338 2338 fiet
365 2285 453 2339 certe
480 2285 515 2338 ut
545 2285 602 2338 aut
629 2276 790 2358 producat
820 2275 877 2339 illa
902 2273 1002 2359 paulo
1028 2271 1168 2355 longius,
1192 2280 1250 2334 aut
1276 2267 1428 2332 deflectat

282 2376 337 2443 illa
366 2378 409 2442 ad
440 2378 564 2460 aliquid
594 2380 684 2461 quod
716 2378 892 2443 finitimum
922 2387 981 2451 est,
1009 2386 1067 2440 aut
1096 2376 1197 2440 etiam
1226 2372 1370 2457 applicet
1396 2381 1428 2434 et

282 2481 457 2545 transferat
480 2482 534 2546 illa
556 2483 600 2546 ad
623 2503 718 2546 usum
741 2482 882 2564 aliquem
906 2479 1111 2546 nobiliorem.

326 2587 445 2667 Neque
471 2584 524 2649 hic
550 2585 631 2649 linis
675 2587 802 2650 Verum
823 2585 1105 2668 quemadmodum
1128 2585 1172 2647 ab
1194 2581 1350 2666 operibus
1372 2600 1429 2643 na·

282 2703 375 2753 turae
402 2689 481 2754 raris
505 2698 538 2753 et
563 2690 761 2754 inconsuetis
788 2691 922 2774 erigitur
948 2688 1132 2753 intellectus
1157 2695 1191 2751 et
1218 2687 1363 2749 elevatur
1385 2684 1428 2747 ad

283 2794 490 2876 inquirendas
518 2804 551 2858 et
575 2794 785 2860 inveniendas
809 2795 941 2872 formas,
963 2815 1048 2877 quae
1074 2793 1174 2857 etiam
1199 2790 1330 2854 illorum
1352 2797 1429 2852 sunt

282 2919 418 2980 capaces
427 2895 463 2973 ¹⁷,
483 2898 528 2962 ita
549 2899 647 2962 etiam
671 2899 704 2962 in
726 2899 882 2982 operibus
904 2900 986 2965 artis
1012 2897 1151 2981 egregiis
1173 2905 1207 2958 et
1227 2893 1429 2958 admirandis

281 3001 345 3065 hoc
365 3003 549 3080 usu-venit3
574 3003 673 3085 idque
694 3003 799 3067 multo
823 3005 950 3088 magis;
974 3003 1053 3084 quia
1075 3002 1193 3065 modus
1214 2997 1373 3062 efficiendi
1396 3006 1429 3059 et

281 3106 439 3190 operandi
466 3105 654 3188 hujusmodi
682 3108 837 3171 miracula
867 3108 947 3172 artis
974 3107 1165 3170 manifestus
1188 3115 1225 3169 ut
1251 3104 1428 3189 plurimum

280 3220 341 3283 est,
364 3229 439 3273 cum
462 3208 641 3293 plerunque
663 3210 695 3273 in
719 3211 881 3276 miraculis
908 3222 1044 3276 naturae
1066 3211 1109 3274 sit
1132 3210 1236 3293 magis
1262 3209 1429 3273 obscurus.

280 3313 443 3378 Attamen
470 3315 503 3376 in
529 3313 580 3378 his
606 3315 685 3396 ipsis
711 3317 819 3379 cautio
845 3327 895 3380 est
921 3315 1108 3381 adhibenda
1131 3315 1183 3380 vel
1210 3315 1366 3392 maxime,
1389 3332 1430 3375 ne

281 3417 467 3500 deprimant
483 3416 606 3481 scilicet
622 3417 825 3482 intellectum
842 3430 875 3484 et
891 3441 967 3484 eum
983 3422 1076 3504 quasi
1092 3421 1195 3485 humo
1209 3421 1355 3502 affigant.

326 3519 510 3585 Periculum
537 3521 624 3584 enim
651 3531 710 3598 est,
737 3542 779 3585 nc
806 3545 864 3607 per
890 3524 1078 3607 hujusmodi
1104 3545 1205 3608 opera
1230 3521 1318 3598 artis,
1344 3541 1430 3604 quae

280 3625 434 3688 videntur
462 3624 552 3687 velut
586 3626 793 3691 summitates
826 3630 989 3710 quaedam
1024 3640 1057 3694 et
1091 3627 1221 3711 fastigia
1252 3625 1430 3691 industriae

316 3897 337 3929 ¹⁰
356 3899 450 3953 These
464 3898 604 3954 instances
616 3917 664 3954 are
677 3899 827 3957 evidences
837 3902 868 3956 ol
878 3903 968 3958 man's
982 3920 1082 3973 power,
1090 3901 1176 3972 being
1188 3901 1253 3958 ‘the
1263 3913 1337 3958 most
1347 3904 1430 3958 noble

281 3984 337 4037 and
358 3983 463 4052 perfect
481 3984 548 4049 and,
566 4001 599 4038 as
618 3983 638 4038 it
656 4001 737 4054 were,
757 3997 950 4041 consummate
972 3987 1152 4057 productioris
1170 3986 1200 4041 in
1218 3988 1289 4042 each
1307 3987 1365 4042 art’
1403 3989 1428 4041 1t

281 4067 370 4120 would
383 4067 419 4122 be
436 4067 549 4122 endless
562 4077 591 4122 to
604 4067 714 4122 adduce
732 4079 826 4124 recent
844 4071 993 4140 examples,
1007 4070 1075 4124 such
1094 4087 1126 4124 as
1144 4070 1193 4124 the
1211 4081 1302 4125 steam
1320 4069 1428 4139 ungine,

281 4148 346 4204 with
368 4149 403 4204 its
428 4167 514 4220 many
532 4149 726 4220 applicationS,
746 4153 793 4207 the
819 4154 930 4207 electric
954 4154 1106 4224 telegraph,
1129 4154 1306 4221 chloroform,
1327 4155 1428 4224 photo-

280 4233 397 4302 graphy,
410 4234 461 4289 &o

316 4313 337 4346 ¹⁷
355 4317 473 4372 ‘Which
492 4335 540 4372 are
559 4319 675 4388 capable
693 4319 724 4374 ol
739 4318 880 4388 including
903 4320 981 4376 them
999 4320 1076 4374 also!
1114 4322 1161 4376 He
1186 4337 1284 4376 means
1302 4321 1363 4376 that
1381 4320 1428 4375 tbe

281 4399 366 4467 study
378 4400 410 4453 ol
424 4401 503 4455 these
522 4419 584 4456 rare
602 4401 660 4456 and
679 4403 796 4457 unusual
815 4403 905 4457 works
924 4403 955 4457 ol
970 4414 1068 4458 nature
1086 4404 1165 4458 leads
1184 4415 1212 4458 to
1230 4422 1248 4459 a
1265 4404 1428 4473 knowledge

279 4481 311 4535 of
320 4481 368 4536 the
382 4483 489 4553 mes,
503 4485 593 4539 which
606 4487 673 4556 they
686 4485 832 4556 exemplily
844 4485 872 4539 in
886 4504 904 4540 a
916 4503 992 4540 more
1005 4503 1036 4540 or
1047 4487 1103 4541 less
1116 4487 1238 4557 peculiar
1250 4504 1376 4542 manner¹
