3342 5152
318 305 382 377 354
697 300 853 356 NOVUM
873 299 1090 356 ORGANUM.

316 461 554 550 contexuntur)
568 464 736 547 incognita
749 474 826 528 sunt
841 474 875 529 et
890 465 1025 530 intacta.
1048 465 1134 530 Cum
1151 466 1239 530 enim
1255 466 1364 530 omnis
1378 467 1466 531 actio

316 570 474 634 naturalis
496 589 556 652 per
576 570 715 632 minima
725 567 751 606 ³⁸
772 570 983 650 transigatur,
1005 580 1064 635 aut
1086 570 1205 634 saltem
1228 590 1287 654 per
1303 569 1358 634 illa
1380 591 1466 653 quae

316 683 392 738 sunt
408 673 535 738 minora
548 693 649 756 quam
665 682 702 737 ut
717 693 849 737 sensum
871 673 997 749 feriant,
1013 693 1111 738 nemo
1134 694 1169 738 se
1189 684 1338 738 naturam
1354 695 1466 756 regere

315 787 372 842 aut
387 788 514 841 vertere
528 797 626 860 posse
640 787 758 862 speret,
777 779 836 841 nisi
854 777 908 841 illa
931 779 1046 842 debito
1062 780 1164 842 modo
1180 778 1465 860 comprehenderit

316 890 349 946 et
364 883 537 947 notaverit.

850 968 930 1032 Vll.

357 1088 521 1167 Similiter,
537 1090 705 1173 inquisitio
720 1100 753 1155 et
769 1089 913 1154 inventio
924 1088 1057 1154 latentis
1070 1090 1294 1154 schematismr'
1300 1089 1326 1128 ³⁹
1343 1091 1377 1153 in
1393 1109 1463 1154 cor-

312 1194 448 1276 poribus
467 1215 518 1258 res
537 1215 623 1258 nova
646 1203 706 1270 est,
722 1215 788 1257 non
812 1195 920 1258 minus
942 1213 1043 1276 quam
1067 1195 1212 1258 inventio
1235 1194 1369 1257 latentis
1382 1203 1461 1276 pro-

310 1318 415 1362 cessus
444 1307 479 1362 et
504 1297 631 1362 formae
644 1297 681 1361 ⁴⁰.
726 1297 908 1362 Versamur
930 1299 1017 1362 enim
1045 1296 1143 1381 plane
1172 1297 1280 1362 adhuc
1308 1299 1341 1360 in
1371 1298 1462 1362 atriis

311 1410 457 1480 naturae,
469 1423 576 1485 neque
590 1403 635 1466 ad
651 1400 809 1466 interiora
823 1422 978 1484 paramus
993 1403 1130 1466 aditum.
1161 1400 1212 1465 At
1228 1421 1326 1466 nemo
1344 1422 1462 1485 corpus

310 1505 426 1570 datum
449 1527 534 1570 nova
557 1516 674 1570 natura
696 1506 813 1570 dotare
835 1506 887 1570 vel
910 1506 943 1568 in
967 1526 1088 1569 novum
1112 1527 1232 1589 corpus
1255 1506 1413 1570 foeliciter
1428 1515 1461 1569 et

310 1609 462 1693 apposite
476 1619 696 1674 transmutare
712 1619 832 1694 potest,
852 1611 914 1674 nisi
933 1611 1080 1694 corporis
1103 1609 1265 1674 alterandi
1282 1620 1338 1673 aut
1354 1619 1460 1673 trans-

309 1713 471 1777 formandi
495 1715 618 1778 bonam
642 1714 796 1778 habuerit
824 1715 984 1778 notitiam.
1031 1714 1070 1777 In
1097 1715 1215 1779 modos
1245 1714 1332 1778 enim
1359 1735 1460 1779 vanos

309 1817 459 1892 incurret,
486 1826 544 1882 aut
574 1819 692 1882 saltem
715 1818 866 1882 difficiles
888 1827 922 1882 et
944 1838 1123 1902 perversos,
1146 1837 1206 1882 nec
1230 1839 1291 1902 pro
1316 1819 1461 1900 corporis

309 1931 426 1986 natura
441 1922 474 1985 in
492 1921 582 2004 quod
603 1932 766 2005 operatur.
816 1921 935 2004 Itaque
958 1924 1001 1986 ad
1022 1922 1087 1986 hoc
1103 1922 1204 1985 etiam
1220 1923 1273 1986 via
1292 1922 1390 2004 plane
1410 1931 1459 1986 est

308 2027 485 2110 aperienda
500 2035 533 2089 et
548 2026 737 2090 munienda.

351 2130 468 2212 Atque
493 2130 526 2193 in
554 2129 723 2194 anatomia
752 2150 928 2214 corporum
958 2131 1189 2212 organicorum
1223 2126 1347 2215 (qualia
1383 2141 1459 2194 sunt

307 2233 449 2298 hominis
470 2243 505 2298 et
519 2230 726 2316 animalium)
742 2255 843 2317 opera
865 2251 945 2298 sane
968 2243 1056 2299 recte
1078 2243 1112 2297 et
1134 2234 1258 2297 utiliter
1276 2234 1458 2312 insumitur,

307 2347 340 2400 et
355 2338 485 2402 videtur
500 2358 551 2402 res
574 2337 704 2402 subtilis
720 2347 753 2402 et
774 2338 967 2402 scrutinium
987 2347 1123 2402 naturae
1145 2339 1278 2402 bonum.
1323 2338 1374 2402 At
1394 2337 1458 2402 hoc

305 2463 409 2526 genus
425 2443 612 2506 anatomiae
627 2443 807 2526 spectabile
822 2451 882 2516 est,
897 2452 931 2505 et
946 2443 1055 2506 sensui
1070 2440 1265 2522 subjectum,
1281 2450 1315 2504 et
1337 2443 1371 2506 in
1385 2463 1456 2506 cor·

304 2547 440 2628 porbus
463 2555 597 2610 tantum
621 2545 785 2628 organicis
812 2546 921 2609 locum
949 2545 1062 2609 habet.
1107 2545 1232 2608 Verum
1256 2544 1319 2609 hoc
1349 2547 1456 2629 ipsum

339 2730 361 2762 ³⁸
380 2733 425 2786 So
438 2731 487 2786 the
498 2730 626 2786 ultimate
638 2731 768 2801 particles
781 2731 813 2784 ol
822 2728 929 2786 bodies.

338 2810 361 2846 ⁸⁹
380 2816 423 2883 By
434 2815 483 2870 the
496 2815 597 2869 ‘latent
610 2813 808 2868 schematism'
827 2816 923 2868 Bacon
937 2830 1030 2868 seems
1046 2825 1076 2868 to
1089 2830 1171 2868 mean
1185 2814 1234 2868 the
1252 2811 1455 2882 configuration

303 2898 360 2952 and
378 2897 493 2953 relative
511 2897 634 2967 position
653 2898 685 2953 ol
700 2898 749 2953 the
767 2897 894 2952 ultimate
913 2896 1044 2967 particles
1061 2897 1094 2950 os
1107 2896 1215 2952 bodies.
1252 2899 1293 2952 As
1311 2897 1457 2952 Professor

304 2980 427 3050 Playlair
439 2998 514 3049 says,
528 2982 637 3036 ‘When
650 2997 691 3035 we
704 2979 820 3050 enquire
833 2979 894 3034 into
907 2980 955 3035 the
968 2980 1150 3034 constitution
1168 2980 1200 3034 ol
1210 2981 1338 3048 crystals,
1351 2999 1384 3034 or
1395 2980 1456 3036 into

303 3065 352 3118 the
373 3063 492 3119 internal
513 3073 649 3119 structure
669 3064 702 3119 os
715 3064 819 3135 plants,
838 3065 898 3132 dre,
918 3080 959 3118 we
980 3081 1028 3118 are
1045 3063 1206 3133 examining
1224 3063 1283 3118 into
1301 3065 1349 3118 the
1368 3064 1456 3118 latent

303 3147 504 3203 schematism!

337 3230 360 3262 ⁴⁰
380 3231 482 3287 Notice
494 3231 556 3286 that
577 3231 681 3286 ‘form’
700 3230 724 3284 is
743 3230 810 3287 here
822 3231 942 3301 coupled
955 3229 1019 3282 with
1040 3229 1126 3284 latent
1144 3246 1267 3298 process,
1280 3230 1337 3284 and
1355 3229 1453 3285 distin-

301 3314 420 3384 guished
432 3315 504 3368 from
517 3316 604 3370 latent
616 3313 806 3370 schematism.
845 3316 871 3370 It
884 3323 959 3368 must
973 3313 1046 3378 here,
1059 3312 1206 3382 therefore,
1219 3313 1292 3367 have
1309 3313 1358 3368 the
1371 3331 1454 3369 sense

300 3398 333 3452 ol
342 3399 394 3452 law
406 3414 439 3451 or
451 3415 535 3452 cause
547 3399 642 3452 rather
654 3398 723 3452 than
736 3397 767 3452 ol
775 3413 901 3453 essence.

337 3481 416 3535 ‘The
428 3479 591 3536 distinction
603 3481 730 3535 between
743 3481 792 3535 the
811 3483 913 3535 Latent
928 3481 1045 3536 Process
1057 3479 1115 3534 and
1133 3479 1234 3533 Latent
1253 3476 1444 3534 Schematism

301 3564 328 3618 in
348 3566 396 3620 the
414 3564 543 3619 absolute
561 3581 622 3633 way
635 3564 664 3618 in
682 3564 772 3618 which
791 3562 813 3618 it
832 3563 856 3618 is
874 3565 942 3619 here
960 3563 1060 3631 stated,
1074 3561 1201 3618 involves
1220 3578 1257 3616 an
1276 3561 1452 3632 assumption

301 3651 391 3706 which
412 3653 461 3707 the
480 3668 610 3721 progress
632 3651 664 3705 ol
684 3651 794 3706 scicnce
816 3650 870 3704 will
895 3652 1032 3722 probably
1056 3651 1136 3704 show
1159 3659 1190 3704 to
1213 3650 1250 3704 be
1274 3649 1453 3718 unfounded;

300 3735 420 3804 namely,
438 3736 499 3790 that
517 3735 618 3790 bodies
637 3736 802 3805 apparently
821 3744 850 3790 at
869 3744 926 3790 rest
945 3751 994 3789 are
1012 3751 1045 3788 so
1063 3733 1244 3802 molecularly
1245 3772 1378 3788 .......
1391 3734 1454 3788 The

300 3817 489 3873 introduction
513 3818 547 3872 ol
566 3820 615 3873 the
640 3817 705 3873 idea
729 3818 761 3873 ol
783 3819 914 3873 unstable
938 3815 1125 3888 equilibrium,
1151 3817 1179 3871 in
1204 3815 1361 3872 connexion
1386 3816 1453 3871 with

299 3903 414 3970 organic
432 3900 592 3971 chemistry,
606 3919 662 3956 was
676 3921 695 3956 a
707 3913 769 3972 step
788 3901 816 3956 in
835 3903 884 3957 the
902 3899 1041 3956 direction
1054 3900 1144 3955 which
1163 3901 1315 3955 molecular
1334 3899 1451 3969 Physics

300 3985 353 4039 will
366 3984 503 4055 probably
516 4002 587 4040 soon
601 3985 682 4040 take!

334 4069 397 4124 The
409 4068 478 4123 view
491 4068 674 4139 propounded
687 4068 715 4121 in
729 4067 776 4122 the
789 4067 879 4122 above
892 4076 959 4121 note
972 4065 1010 4135 by
1024 4067 1078 4120 Mr.
1092 4064 1164 4118 Ellis
1177 4081 1209 4120 as
1222 4074 1252 4120 to
1265 4065 1313 4120 the
1326 4065 1452 4121 ultimate

298 4152 481 4207 constitution
500 4153 533 4206 ol
547 4151 646 4206 bodies
668 4150 692 4204 is
711 4151 773 4205 that
792 4149 882 4203 which
903 4149 927 4202 is
945 4165 1008 4202 now
1025 4148 1168 4218 generally
1184 4149 1316 4218 adopted.
1354 4149 1450 4204 Baton

297 4234 417 4302 himself,
437 4234 575 4300 however,
594 4251 660 4302 says
678 4232 823 4302 distinctly
843 4232 928 4302 (Apb.
941 4233 985 4300 48,
997 4233 1034 4287 ad
1053 4232 1129 4302 fin.):
1151 4231 1203 4286 ‘ln
1222 4230 1386 4302 corporibus
1405 4231 1450 4286 bic

297 4319 372 4388 apud
385 4335 437 4372 nos
450 4318 527 4371 nulla
538 4335 604 4371 vera
616 4326 659 4371 est
673 4315 759 4386 quies,
771 4333 822 4371 nec
835 4315 864 4370 in
878 4315 1003 4386 integris,
1013 4334 1066 4371 nec
1079 4315 1108 4371 in
1121 4315 1264 4387 partibus;
1280 4317 1331 4372 sed
1340 4326 1449 4372 tantum

297 4401 452 4456 secundum
467 4400 678 4470 apparentiam)
